T,p,q
1633699802,144.12,2
1633699804,144.11,1
1633699816,144.05,7
1633699829,143.85,1
1633699829,143.85,2
1633699834,143.77,6
1633699834,143.77,5
1633699838,143.82,2
1633699839,143.82,1
1633699843,143.83,2
1633699846,143.74,4
1633699846,143.74,3
1633699847,143.74,5
1633699850,143.64,5
1633699855,143.53,2
1633699864,143.57,1
1633699866,143.6,20
1633699868,143.64,2
1633699869,143.63,2
1633699873,143.57,1
1633699875,143.54,2
1633699876,143.53,1
1633699877,143.54,5
1633699882,143.57,1
1633699883,143.57,3
1633699884,143.51,6
1633699885,143.51,1
1633699889,143.63,2
1633699890,143.66,1
1633699891,143.7,1
1633699892,143.72,10
1633699894,143.73,5
1633699896,143.75,1
1633699899,143.71,2
1633699909,143.68,1
1633699912,143.74,1
1633699914,143.73,30
1633699916,143.77,1
1633699918,143.71,1
1633699920,143.8,5
1633699922,143.76,1
1633699925,143.6,8
1633699927,143.59,2
1633699929,143.63,3
1633699930,143.62,3
1633699937,143.7,1
1633699943,143.83,4
1633699945,143.85,10
1633699949,143.84,1
1633699951,143.79,2
1633699958,143.82,1
1633699959,143.83,1
1633699965,143.85,1
1633699966,143.84,2
1633699967,143.84,1
1633699971,143.84,4
1633699971,143.84,1
1633699978,143.85,5
1633699981,143.83,2
1633699983,143.74,1
1633699985,143.74,1
1633699991,143.86,2
1633699993,143.87,5
1633699999,143.88,1
1633700001,143.86,2
1633700007,143.9,7
1633700008,143.9,2
1633700010,143.9,3
1633700011,143.92,3
1633700021,143.79,7
1633700025,143.84,17
1633700026,143.84,1
1633700030,143.82,1
1633700034,143.77,1
1633700034,143.77,2
1633700039,143.71,2
1633700040,143.71,3
1633700042,143.66,1
1633700042,143.66,1
1633700044,143.6,3
1633700044,143.6,2
1633700048,143.66,5
1633700055,143.6,3
1633700055,143.6,40
1633700059,143.61,2
1633700069,143.46,2
1633700073,143.49,1
1633700075,143.52,1
1633700082,143.52,1
1633700083,143.53,5
1633700083,143.53,2
1633700090,143.44,5
1633700093,143.39,5
1633700094,143.4,1
1633700094,143.4,2
1633700097,143.41,1
1633700098,143.37,1
1633700100,143.37,1
1633700103,143.41,2
1633700110,143.41,1
1633700114,143.4,2
1633700115,143.38,1
1633700115,143.38,10
1633700119,143.49,1
1633700127,143.49,1
1633700134,143.41,2
1633700135,143.37,10
1633700138,143.33,10
1633700139,143.32,1
1633700140,143.31,1
1633700143,143.3,5
1633700150,143.31,1
1633700152,143.27,5
1633700152,143.27,1
1633700153,143.27,2
1633700154,143.24,1
1633700154,143.24,2
1633700156,143.24,1
1633700157,143.23,1
1633700159,143.23,1
1633700160,143.25,1
1633700167,143.29,5
1633700170,143.28,2
1633700171,143.29,1
1633700172,143.29,5
1633700175,143.29,2
1633700180,143.25,2
1633700182,143.21,10
1633700184,143.27,5
1633700185,143.27,1
1633700190,143.23,2
1633700192,143.23,1
1633700193,143.21,4
1633700200,143.24,1
1633700203,143.22,1
1633700203,143.22,2
1633700204,143.24,2
1633700207,143.16,2
1633700208,143.15,2
1633700210,143.18,10
1633700211,143.18,2
1633700219,143.17,2
1633700221,143.17,2
1633700224,143.18,3
1633700227,143.17,2
1633700228,143.16,1
1633700242,143.2,2
1633700248,143.21,5
1633700249,143.21,1
1633700250,143.2,1
1633700256,143.24,5
1633700257,143.23,1
1633700259,143.21,5
1633700264,143.21,1
1633700266,143.2,1
1633700270,143.13,1
1633700273,143.16,6
1633700285,143.25,2
1633700285,143.25,1
1633700295,143.23,1
1633700299,143.21,1
1633700302,143.24,3
1633700305,143.24,3
1633700311,143.22,3
1633700317,143.25,1
1633700319,143.24,5
1633700319,143.24,1
1633700325,143.21,1
1633700335,143.14,4
1633700338,143.16,1
1633700339,143.19,1
1633700343,143.21,2
1633700348,143.24,4
1633700351,143.19,2
1633700356,143.26,15
1633700357,143.26,1
1633700360,143.28,5
1633700363,143.26,2
1633700367,143.27,1
1633700370,143.3,1
1633700375,143.32,2
1633700379,143.36,5
1633700383,143.38,1
1633700386,143.35,5
1633700387,143.35,4
1633700387,143.35,3
1633700397,143.24,2
1633700397,143.24,1
1633700398,143.24,2
1633700399,143.29,2
1633700400,143.35,1
1633700402,143.35,2
1633700404,143.27,3
1633700404,143.27,2
1633700405,143.26,1
1633700407,143.25,8
1633700407,143.25,1
1633700410,143.26,2
1633700411,143.27,2
1633700415,143.3,12
1633700417,143.32,3
1633700421,143.32,1
1633700421,143.34,1
1633700424,143.35,13
1633700425,143.34,1
1633700428,143.35,2
1633700430,143.37,2
1633700432,143.37,4
1633700433,143.37,2
1633700434,143.38,1
1633700437,143.39,2
1633700438,143.4,2
1633700441,143.4,1
1633700447,143.45,1
1633700449,143.43,9
1633700452,143.46,2
1633700453,143.46,12
1633700456,143.45,3
1633700458,143.45,2
1633700458,143.43,1
1633700459,143.43,5
1633700462,143.45,2
1633700462,143.45,1
1633700464,143.4,2
1633700474,143.44,4
1633700477,143.45,1
1633700479,143.48,3
1633700487,143.53,1
1633700500,143.57,4
1633700504,143.64,1
1633700505,143.65,1
1633700505,143.65,15
1633700509,143.65,1
1633700517,143.62,3
1633700518,143.61,5
1633700520,143.66,1
1633700523,143.65,1
1633700523,143.65,5
1633700525,143.71,1
1633700529,143.68,13
1633700529,143.68,1
1633700531,143.69,1
1633700533,143.73,1
1633700534,143.74,1
1633700535,143.74,2
1633700540,143.71,1
1633700543,143.7,1
1633700548,143.69,14
1633700550,143.71,5
1633700551,143.7,1
1633700552,143.68,10
1633700553,143.68,6
1633700555,143.73,2
1633700555,143.73,1
1633700556,143.73,2
1633700558,143.71,23
1633700559,143.71,14
1633700559,143.71,1
1633700563,143.7,2
1633700566,143.72,1
1633700567,143.72,13
1633700568,143.72,1
1633700571,143.73,1
1633700573,143.72,3
1633700576,143.71,2
1633700576,143.71,1
1633700579,143.71,2
1633700580,143.7,20
1633700581,143.73,3
1633700582,143.73,2
1633700583,143.7,1
1633700584,143.69,1
1633700587,143.71,5
1633700588,143.69,1
1633700589,143.69,3
1633700602,143.65,1
1633700604,143.65,3
1633700606,143.63,2
1633700607,143.62,1
1633700611,143.65,2
1633700613,143.69,4
1633700621,143.67,1
1633700623,143.7,12
1633700624,143.71,1
1633700628,143.65,5
1633700628,143.65,1
1633700629,143.65,3
1633700629,143.65,1
1633700631,143.65,2
1633700633,143.66,2
1633700633,143.66,3
1633700634,143.66,2
1633700636,143.66,2
1633700636,143.66,1
1633700641,143.53,6
1633700642,143.52,1
1633700644,143.51,6
1633700649,143.52,13
1633700651,143.51,2
1633700652,143.47,3
1633700661,143.46,5
1633700663,143.46,37
1633700663,143.46,1
1633700666,143.46,3
1633700668,143.49,1
1633700671,143.52,1
1633700672,143.49,1
1633700681,143.45,1
1633700684,143.46,1
1633700686,143.43,2
1633700691,143.45,1
1633700696,143.41,1
1633700697,143.41,13
1633700698,143.37,4
1633700699,143.38,2
1633700705,143.37,2
1633700707,143.43,4
1633700708,143.43,14
1633700717,143.4,8
1633700720,143.46,2
1633700721,143.46,1
1633700721,143.46,13
1633700723,143.49,1
1633700726,143.46,3
1633700730,143.47,1
1633700734,143.54,1
1633700737,143.5,1
1633700741,143.49,3
1633700745,143.44,3
1633700746,143.42,1
1633700747,143.43,2
1633700756,143.31,2
1633700756,143.29,1
1633700758,143.29,3
1633700758,143.29,5
1633700759,143.3,1
1633700764,143.35,4
1633700764,143.33,2
1633700765,143.33,1
1633700769,143.26,1
1633700770,143.27,4
1633700770,143.27,1
1633700772,143.27,2
1633700774,143.28,1
1633700777,143.22,5
1633700777,143.22,1
1633700778,143.2,1
1633700779,143.18,2
1633700781,143.19,5
1633700784,143.13,1
1633700789,143.14,1
1633700791,143.16,1
1633700793,143.15,10
1633700794,143.15,2
1633700798,143.1,1
1633700803,143.1,2
1633700804,143.09,10
1633700806,143.08,5
1633700812,143.1,1
1633700815,143.12,1
1633700815,143.12,10
1633700816,143.15,4
1633700817,143.13,1
1633700820,143.12,12
1633700823,143.15,20
1633700825,143.17,4
1633700827,143.2,1
1633700830,143.21,2
1633700831,143.21,1
1633700833,143.24,15
1633700833,143.24,1
1633700834,143.24,2
1633700836,143.26,3
1633700836,143.26,6
1633700840,143.25,4
1633700846,143.26,2
1633700849,143.26,5
1633700849,143.26,30
1633700850,143.26,1
1633700851,143.26,2
1633700854,143.26,5
1633700855,143.26,1
1633700856,143.22,1
1633700857,143.23,2
1633700859,143.26,2
1633700859,143.26,1
1633700861,143.26,1
1633700862,143.25,1
1633700864,143.24,4
1633700864,143.24,1
1633700867,143.26,2
1633700868,143.25,1
1633700869,143.27,2
1633700871,143.26,12
1633700871,143.26,1
1633700878,143.28,1
1633700880,143.29,5
1633700882,143.2,10
1633700882,143.2,17
1633700890,143.15,8
1633700890,143.15,1
1633700898,143.23,1
1633700901,143.23,17
1633700901,143.23,1
1633700902,143.23,5
1633700904,143.2,1
1633700918,143.17,1
1633700920,143.17,20
1633700920,143.18,20
1633700921,143.18,1
1633700921,143.2,2
1633700922,143.2,1
1633700927,143.17,25
1633700928,143.18,2
1633700928,143.18,1
1633700929,143.18,3
1633700930,143.18,1
1633700931,143.18,3
1633700933,143.17,6
1633700937,143.15,3
1633700943,143.24,1
1633700955,143.29,1
1633700968,143.29,10
1633700970,143.29,8
1633700971,143.3,1
1633700972,143.29,2
1633700973,143.24,1
1633700980,143.29,7
1633700983,143.29,1
1633700984,143.27,2
1633700986,143.28,2
1633700989,143.29,3
1633700997,143.38,4
1633701000,143.42,1
1633701002,143.33,3
1633701004,143.39,20
1633701004,143.39,1
1633701006,143.39,1
1633701008,143.4,1
1633701008,143.4,2
1633701014,143.28,54
1633701019,143.19,7
1633701022,143.14,2
1633701022,143.14,1
1633701027,143.12,6
1633701027,143.12,4
1633701028,143.12,14
1633701028,143.12,2
1633701031,143.18,5
1633701034,143.19,1
1633701035,143.21,10
1633701035,143.21,1
1633701040,143.23,2
1633701042,143.21,1
1633701044,143.21,2
1633701051,143.18,1
1633701054,143.19,2
1633701057,143.16,3
1633701058,143.15,1
1633701065,143.17,1
1633701071,143.22,2
1633701078,143.16,1
1633701082,143.24,2
1633701083,143.24,1
1633701084,143.24,1
1633701085,143.25,1
1633701090,143.28,12
1633701092,143.23,5
1633701093,143.23,1
1633701094,143.23,2
1633701095,143.24,1
1633701098,143.26,5
1633701099,143.26,1
1633701099,143.26,10
1633701100,143.24,1
1633701101,143.23,4
1633701104,143.25,1
1633701108,143.24,1
1633701118,143.27,5
1633701119,143.28,1
1633701121,143.32,1
1633701123,143.3,4
1633701125,143.25,1
1633701129,143.23,2
1633701134,143.24,2
1633701135,143.25,1
1633701137,143.2,1
1633701137,143.2,2
1633701143,143.25,1
1633701146,143.27,2
1633701147,143.26,1
1633701149,143.22,4
1633701150,143.22,5
1633701155,143.26,5
1633701157,143.27,6
1633701157,143.27,5
1633701161,143.26,2
1633701165,143.26,5
1633701166,143.27,1
1633701168,143.25,5
1633701171,143.23,1
1633701177,143.21,1
1633701179,143.21,1
1633701183,143.29,5
1633701187,143.28,5
1633701190,143.29,3
1633701191,143.29,6
1633701196,143.22,5
1633701200,143.24,2
1633701206,143.21,3
1633701206,143.21,5
1633701209,143.24,30
1633701212,143.26,6
1633701213,143.24,2
1633701214,143.25,2
1633701218,143.21,1
1633701218,143.21,3
1633701219,143.21,5
1633701220,143.21,10
1633701221,143.21,1
1633701225,143.23,1
1633701229,143.24,5
1633701230,143.24,1
1633701231,143.26,7
1633701231,143.26,1
1633701233,143.26,1
1633701238,143.26,5
1633701240,143.26,1
1633701244,143.17,11
1633701259,143.25,2
1633701265,143.25,1
1633701266,143.24,3
1633701269,143.26,3
1633701282,143.34,1
1633701288,143.35,8
1633701288,143.35,1
1633701293,143.31,10
1633701295,143.31,5
1633701297,143.3,2
1633701302,143.24,4
1633701302,143.24,1
1633701304,143.28,24
1633701305,143.31,17
1633701308,143.37,4
1633701308,143.37,1
1633701310,143.37,18
1633701312,143.33,1
1633701313,143.31,12
1633701318,143.37,4
1633701322,143.37,32
1633701322,143.37,1
1633701326,143.36,2
1633701332,143.35,7
1633701340,143.4,1
1633701341,143.4,2
1633701341,143.4,3
1633701342,143.4,2
1633701344,143.38,4
1633701346,143.43,1
1633701347,143.44,4
1633701347,143.44,2
1633701349,143.43,7
1633701349,143.43,2
1633701350,143.43,1
1633701351,143.44,1
1633701351,143.44,10
1633701353,143.44,1
1633701356,143.44,3
1633701356,143.44,1
1633701358,143.41,1
1633701359,143.41,6
1633701365,143.43,12
1633701366,143.4,20
1633701366,143.4,2
1633701369,143.38,5
1633701372,143.37,2
1633701374,143.37,70
1633701379,143.41,2
1633701386,143.38,1
1633701389,143.38,20
1633701392,143.44,10
1633701394,143.42,32
1633701395,143.43,2
1633701396,143.43,1
1633701397,143.42,21
1633701398,143.42,1
1633701399,143.43,1
1633701400,143.4,1
1633701402,143.4,20
1633701411,143.48,2
1633701413,143.49,10
1633701414,143.51,5
1633701416,143.54,2
1633701417,143.54,5
1633701417,143.54,1
1633701424,143.54,1
1633701433,143.56,1
1633701437,143.55,2
1633701438,143.55,1
1633701442,143.54,17
1633701442,143.54,1
1633701446,143.55,12
1633701449,143.56,2
1633701450,143.56,1
1633701454,143.52,2
1633701454,143.52,1
1633701455,143.52,35
1633701455,143.52,1
1633701458,143.49,5
1633701461,143.49,2
1633701462,143.5,5
1633701462,143.5,1
1633701464,143.49,6
1633701465,143.49,30
1633701465,143.49,4
1633701466,143.49,3
1633701467,143.5,4
1633701468,143.52,5
1633701469,143.52,1
1633701471,143.54,2
1633701471,143.53,1
1633701476,143.54,5
1633701476,143.54,7
1633701477,143.55,4
1633701478,143.54,1
1633701482,143.55,5
1633701484,143.57,3
1633701484,143.57,2
1633701485,143.57,1
1633701486,143.54,23
1633701487,143.54,5
1633701487,143.54,1
1633701491,143.51,2
1633701492,143.51,1
1633701493,143.49,17
1633701495,143.46,1
1633701499,143.41,54
1633701502,143.43,2
1633701502,143.43,1
1633701504,143.42,13
1633701504,143.42,5
1633701505,143.41,10
1633701506,143.41,1
1633701509,143.38,55
1633701511,143.37,5
1633701511,143.35,6
1633701515,143.4,3
1633701517,143.41,5
1633701517,143.41,1
1633701519,143.39,2
1633701520,143.4,3
1633701520,143.4,1
1633701524,143.47,1
1633701529,143.45,1
1633701537,143.46,1
1633701539,143.45,1
1633701544,143.4,2
1633701545,143.4,1
1633701545,143.4,2
1633701546,143.42,2
1633701547,143.43,1
1633701548,143.43,10
1633701551,143.37,5
1633701552,143.37,2
1633701553,143.37,20
1633701553,143.37,2
1633701556,143.33,5
1633701556,143.33,1
1633701557,143.33,3
1633701558,143.33,1
1633701563,143.36,1
1633701564,143.35,1
1633701565,143.35,4
1633701565,143.35,1
1633701566,143.34,1
1633701569,143.32,1
1633701570,143.29,1
1633701571,143.29,3
1633701572,143.29,6
1633701574,143.31,5
1633701575,143.3,2
1633701578,143.26,1
1633701578,143.26,2
1633701579,143.26,7
1633701585,143.21,1
1633701586,143.21,12
1633701589,143.26,7
1633701590,143.28,1
1633701591,143.26,1
1633701593,143.21,1
1633701595,143.2,1
1633701603,143.22,1
1633701606,143.22,1
1633701606,143.2,3
1633701611,143.18,3
1633701614,143.24,2
1633701616,143.2,4
1633701617,143.2,5
1633701617,143.2,1
1633701622,143.26,1
1633701624,143.31,1
1633701625,143.32,2
1633701630,143.35,5
1633701631,143.35,1
1633701631,143.35,3
1633701634,143.36,10
1633701636,143.36,1
1633701639,143.35,1
1633701641,143.38,1
1633701642,143.36,10
1633701648,143.4,1
1633701649,143.38,5
1633701650,143.38,17
1633701655,143.45,1
1633701656,143.46,54
1633701656,143.46,2
1633701659,143.48,20
1633701659,143.49,1
1633701666,143.42,1
1633701670,143.48,1
1633701671,143.5,11
1633701671,143.5,1
1633701673,143.46,1
1633701675,143.5,2
1633701677,143.52,1
1633701679,143.53,1
1633701682,143.53,20
1633701683,143.54,1
1633701686,143.55,2
1633701687,143.54,2
1633701688,143.54,1
1633701690,143.49,1
1633701693,143.45,1
1633701699,143.45,17
1633701702,143.43,30
1633701705,143.43,20
1633701707,143.42,2
1633701708,143.42,1
1633701712,143.45,1
1633701719,143.4,7
1633701729,143.37,1
1633701733,143.4,10
1633701737,143.43,10
1633701737,143.43,1
1633701745,143.46,2
1633701747,143.48,1
1633701749,143.46,2
1633701750,143.46,19
1633701750,143.46,1
1633701751,143.48,10
1633701752,143.48,1
1633701754,143.53,1
1633701755,143.53,2
1633701757,143.53,14
1633701758,143.5,5
1633701760,143.5,1
1633701762,143.51,11
1633701765,143.54,2
1633701765,143.54,1
1633701770,143.52,1
1633701771,143.52,2
1633701772,143.52,1
1633701772,143.52,2
1633701773,143.51,1
1633701774,143.49,3
1633701775,143.48,1
1633701776,143.47,5
1633701778,143.48,5
1633701779,143.48,1
1633701782,143.49,3
1633701785,143.49,3
1633701788,143.43,1
1633701790,143.41,1
1633701792,143.43,17
1633701794,143.44,5
1633701795,143.44,1
1633701797,143.45,2
1633701799,143.43,3
1633701799,143.43,1
1633701800,143.45,1
1633701801,143.45,3
1633701801,143.46,11
1633701806,143.46,7
1633701813,143.46,5
1633701815,143.44,1
1633701821,143.4,7
1633701823,143.41,4
1633701824,143.41,3
1633701830,143.4,5
1633701835,143.44,2
1633701842,143.39,2
1633701844,143.35,4
1633701844,143.35,1
1633701845,143.35,1
1633701848,143.35,5
1633701849,143.35,1
1633701855,143.35,3
1633701856,143.35,1
1633701859,143.37,1
1633701871,143.4,2
1633701872,143.38,1
1633701878,143.42,1
1633701879,143.42,13
1633701881,143.46,2
1633701882,143.46,5
1633701882,143.46,1
1633701883,143.46,2
1633701886,143.5,1
1633701887,143.49,3
1633701889,143.48,30
1633701889,143.48,1
1633701890,143.48,3
1633701890,143.48,1
1633701891,143.48,50
1633701895,143.48,1
1633701902,143.51,1
1633701905,143.46,1
1633701908,143.47,1
1633701911,143.47,5
1633701913,143.43,10
1633701915,143.43,2
1633701919,143.37,5
1633701919,143.37,1
1633701921,143.39,1
1633701922,143.38,1
1633701925,143.42,5
1633701926,143.43,8
1633701928,143.48,1
1633701929,143.49,23
1633701930,143.51,1
1633701931,143.5,32
1633701936,143.52,5
1633701937,143.51,1
1633701944,143.55,1
1633701945,143.55,5
1633701945,143.55,1
1633701947,143.55,28
1633701949,143.51,5
1633701949,143.51,1
1633701950,143.51,2
1633701953,143.51,3
1633701953,143.51,3
1633701954,143.5,1
1633701955,143.5,10
1633701956,143.5,1
1633701957,143.49,2
1633701957,143.49,3
1633701960,143.5,1
1633701962,143.43,4
1633701962,143.43,1
1633701971,143.43,20
1633701973,143.36,2
1633701981,143.37,5
1633701982,143.39,1
1633701986,143.42,3
1633701988,143.41,2
1633701989,143.4,3
1633701996,143.38,3
1633701999,143.41,2
1633702000,143.41,1
1633702002,143.41,1
1633702007,143.42,2
1633702017,143.4,2
1633702018,143.41,1
1633702018,143.42,3
1633702019,143.4,1
1633702022,143.4,1
1633702030,143.39,2
1633702033,143.43,4
1633702036,143.48,54
1633702040,143.47,2
1633702043,143.5,5
1633702044,143.5,1
1633702046,143.51,56
1633702046,143.51,1
1633702047,143.51,10
1633702047,143.51,1
1633702049,143.5,1
1633702054,143.53,3
1633702057,143.52,25
1633702060,143.53,1
1633702063,143.49,4
1633702065,143.49,12
1633702069,143.49,6
1633702073,143.49,23
1633702074,143.49,1
1633702079,143.54,1
1633702080,143.52,1
1633702080,143.52,1
1633702084,143.51,24
1633702084,143.51,24
1633702085,143.5,1
1633702087,143.52,12
1633702088,143.52,1
1633702090,143.52,1
1633702093,143.52,13
1633702094,143.52,2
1633702101,143.52,1
1633702103,143.54,1
1633702105,143.52,1
1633702107,143.5,1
1633702107,143.5,2
1633702109,143.51,2
1633702111,143.51,1
1633702111,143.51,2
1633702120,143.52,1
1633702122,143.54,1
1633702124,143.57,1
1633702126,143.6,1
1633702128,143.59,5
1633702129,143.58,2
1633702132,143.59,20
1633702133,143.59,1
1633702135,143.59,20
1633702135,143.59,1
1633702137,143.6,2
1633702138,143.6,1
1633702139,143.62,1
1633702139,143.62,10
1633702140,143.64,1
1633702143,143.64,1
1633702144,143.64,2
1633702144,143.64,1
1633702149,143.65,5
1633702149,143.65,1
1633702150,143.65,3
1633702152,143.65,1
1633702153,143.65,3
1633702157,143.63,1
1633702161,143.6,1
1633702163,143.6,25
1633702165,143.57,2
1633702167,143.58,17
1633702170,143.58,4
1633702176,143.58,3
1633702177,143.57,2
1633702178,143.57,7
1633702179,143.57,1
1633702182,143.6,1
1633702183,143.59,5
1633702183,143.57,1
1633702188,143.58,3
1633702189,143.57,4
1633702189,143.57,1
1633702191,143.53,3
1633702191,143.53,1
1633702192,143.53,5
1633702194,143.51,2
1633702195,143.51,1
1633702196,143.51,5
1633702197,143.53,2
1633702202,143.5,2
1633702204,143.54,1
1633702206,143.54,10
1633702207,143.54,1
1633702210,143.5,6
1633702210,143.5,10
1633702213,143.51,5
1633702213,143.51,1
1633702216,143.48,10
1633702219,143.45,23
1633702219,143.45,1
1633702220,143.45,70
1633702220,143.45,1
1633702221,143.46,6
1633702223,143.47,3
1633702225,143.46,5
1633702229,143.49,2
1633702232,143.51,6
1633702233,143.51,4
1633702233,143.51,1
1633702235,143.51,4
1633702236,143.5,2
1633702238,143.49,1
1633702238,143.49,20
1633702241,143.46,6
1633702242,143.47,5
1633702242,143.47,3
1633702246,143.46,6
1633702247,143.46,8
1633702250,143.48,1
1633702252,143.48,17
1633702253,143.49,3
1633702257,143.48,2
1633702257,143.47,1
1633702259,143.48,1
1633702264,143.46,4
1633702265,143.46,2
1633702265,143.46,1
1633702271,143.51,6
1633702279,143.49,3
1633702279,143.49,10
1633702280,143.49,2
1633702281,143.49,1
1633702285,143.47,1
1633702286,143.46,2
1633702288,143.46,1
1633702291,143.44,4
1633702292,143.43,2
1633702295,143.4,1
1633702296,143.41,1
1633702298,143.43,70
1633702303,143.43,1
1633702304,143.42,2
1633702316,143.42,3
1633702318,143.43,1
1633702320,143.45,1
1633702323,143.47,1
1633702332,143.48,20
1633702333,143.5,3
1633702334,143.48,5
1633702335,143.47,4
1633702335,143.47,1
1633702343,143.46,6
1633702344,143.43,5
1633702346,143.41,4
1633702347,143.42,10
1633702348,143.42,2
1633702348,143.42,3
1633702351,143.41,1
1633702352,143.4,5
1633702353,143.38,12
1633702355,143.4,2
1633702355,143.4,1
1633702358,143.39,2
1633702362,143.39,5
1633702363,143.39,17
1633702363,143.38,1
1633702366,143.41,1
1633702371,143.4,3
1633702371,143.4,1
1633702375,143.41,2
1633702376,143.42,2
1633702376,143.42,1
1633702377,143.41,2
1633702378,143.41,1
1633702379,143.4,14
1633702384,143.48,3
1633702396,143.45,1
1633702398,143.46,5
1633702398,143.46,1
1633702399,143.46,17
1633702404,143.51,17
1633702404,143.51,1
1633702407,143.51,1
1633702412,143.51,1
1633702413,143.52,1
1633702416,143.53,1
1633702421,143.59,1
1633702424,143.57,1
1633702425,143.57,48
1633702426,143.57,1
1633702428,143.57,23
1633702429,143.57,1
1633702430,143.57,3
1633702430,143.57,1
1633702433,143.55,1
1633702435,143.56,1
1633702442,143.64,2
1633702445,143.61,1
1633702447,143.58,1
1633702456,143.57,5
1633702463,143.6,1
1633702465,143.61,5
1633702467,143.62,11
1633702467,143.63,2
1633702469,143.62,1
1633702471,143.62,1
1633702476,143.64,1
1633702478,143.66,10
1633702481,143.66,3
1633702481,143.66,1
1633702483,143.66,1
1633702483,143.66,4
1633702484,143.67,10
1633702485,143.67,1
1633702488,143.65,1
1633702490,143.58,1
1633702490,143.58,17
1633702492,143.56,2
1633702493,143.56,14
1633702499,143.54,2
1633702504,143.6,8
1633702505,143.6,1
1633702509,143.61,5
1633702513,143.6,8
1633702514,143.58,5
1633702521,143.61,1
1633702524,143.6,4
1633702524,143.6,3
1633702525,143.6,1
1633702528,143.62,1
1633702531,143.64,1
1633702532,143.63,2
1633702533,143.63,1
1633702534,143.65,13
1633702535,143.66,2
1633702536,143.66,5
1633702537,143.66,1
1633702538,143.66,1
1633702539,143.67,30
1633702540,143.67,3
1633702540,143.67,25
1633702542,143.7,2
1633702542,143.7,1
1633702543,143.7,5
1633702543,143.7,1
1633702546,143.71,1
1633702548,143.73,1
1633702549,143.73,10
1633702551,143.71,2
1633702552,143.71,5
1633702555,143.65,5
1633702556,143.65,10
1633702557,143.65,1
1633702557,143.65,5
1633702558,143.66,1
1633702559,143.68,1
1633702563,143.68,1
1633702564,143.68,54
1633702564,143.68,1
1633702566,143.68,30
1633702567,143.67,1
1633702568,143.65,54
1633702569,143.66,3
1633702569,143.66,10
1633702571,143.66,10
1633702572,143.66,3
1633702583,143.68,54
1633702584,143.68,1
1633702585,143.69,4
1633702585,143.7,1
1633702587,143.69,1
1633702588,143.7,1
1633702588,143.7,10
1633702589,143.7,1
1633702590,143.7,2
1633702591,143.7,1
1633702593,143.7,8
1633702597,143.65,2
1633702599,143.65,10
1633702599,143.65,1
1633702602,143.64,1
1633702602,143.64,16
1633702607,143.62,2
1633702608,143.62,1
1633702609,143.63,4
1633702610,143.64,2
1633702618,143.65,14
1633702620,143.65,2
1633702622,143.65,1
1633702626,143.7,1
1633702630,143.68,5
1633702635,143.7,2
1633702636,143.7,1
1633702638,143.7,3
1633702639,143.71,4
1633702640,143.71,10
1633702647,143.71,4
1633702648,143.71,1
1633702650,143.73,5
1633702651,143.73,1
1633702653,143.72,1
1633702654,143.71,1
1633702655,143.71,30
1633702658,143.77,2
1633702659,143.76,32
1633702660,143.75,2
1633702662,143.77,2
1633702662,143.77,1
1633702663,143.77,5
1633702665,143.79,4
1633702666,143.79,1
1633702667,143.81,4
1633702668,143.81,1
1633702669,143.82,5
1633702670,143.88,1
1633702674,143.87,1
1633702675,143.84,5
1633702678,143.85,12
1633702681,143.85,2
1633702684,143.84,1
1633702684,143.85,6
1633702686,143.82,2
1633702687,143.82,1
1633702692,143.79,4
1633702696,143.79,3
1633702697,143.81,1
1633702698,143.79,44
1633702700,143.78,5
1633702701,143.8,5
1633702704,143.79,20
1633702705,143.79,1
1633702709,143.78,5
1633702710,143.8,1
1633702711,143.8,5
1633702713,143.79,2
1633702713,143.79,1
1633702714,143.79,12
1633702714,143.79,1
1633702716,143.77,1
1633702718,143.78,1
1633702727,143.75,8
1633702727,143.77,2
1633702728,143.77,1
1633702730,143.77,1
1633702732,143.77,1
1633702736,143.75,1
1633702737,143.75,7
1633702737,143.73,2
1633702738,143.76,1
1633702740,143.76,2
1633702743,143.77,2
1633702745,143.78,2
1633702747,143.79,3
1633702748,143.8,1
1633702750,143.79,2
1633702751,143.79,1
1633702752,143.8,1
1633702755,143.82,3
1633702757,143.82,1
1633702758,143.82,1
1633702763,143.82,1
1633702764,143.82,4
1633702765,143.82,1
1633702766,143.81,1
1633702767,143.82,2
1633702768,143.82,5
1633702769,143.8,2
1633702770,143.8,20
1633702771,143.81,1
1633702779,143.82,8
1633702780,143.82,1
1633702783,143.82,1
1633702786,143.83,17
1633702787,143.85,1
1633702795,143.83,5
1633702796,143.84,1
1633702797,143.82,2
1633702797,143.82,1
1633702798,143.82,7
1633702800,143.82,1
1633702802,143.74,14
1633702804,143.74,4
1633702805,143.76,2
1633702808,143.81,3
1633702810,143.8,4
1633702810,143.8,1
1633702813,143.81,3
1633702813,143.81,1
1633702814,143.8,7
1633702817,143.79,1
1633702818,143.81,10
1633702819,143.82,1
1633702821,143.85,1
1633702825,143.85,2
1633702826,143.84,2
1633702826,143.84,1
1633702828,143.83,1
1633702832,143.83,10
1633702832,143.83,1
1633702834,143.85,5
1633702834,143.85,1
1633702836,143.85,10
1633702838,143.84,2
1633702841,143.87,2
1633702842,143.87,1
1633702845,143.87,1
1633702846,143.87,5
1633702847,143.88,10
1633702848,143.88,1
1633702850,143.88,2
1633702850,143.88,1
1633702853,143.88,2
1633702854,143.88,1
1633702854,143.88,5
1633702855,143.88,1
1633702863,143.83,1
1633702866,143.8,1
1633702866,143.8,2
1633702873,143.82,5
1633702873,143.82,1
1633702877,143.84,2
1633702879,143.85,1
1633702882,143.87,2
1633702882,143.87,1
1633702883,143.87,2
1633702884,143.87,1
1633702889,143.83,2
1633702891,143.82,3
1633702892,143.81,2
1633702895,143.82,7
1633702899,143.84,5
1633702900,143.85,4
1633702901,143.85,44
1633702901,143.85,2
1633702902,143.85,1
1633702907,143.9,2
1633702908,143.9,1
1633702908,143.9,44
1633702910,143.9,5
1633702911,143.93,4
1633702913,143.91,5
1633702921,143.93,5
1633702922,143.91,1
1633702925,143.94,1
1633702930,143.94,17
1633702930,143.94,1
1633702937,143.91,8
1633702939,143.89,1
1633702941,143.89,45
1633702942,143.88,2
1633702944,143.9,40
1633702945,143.9,1
1633702952,143.91,2
1633702952,143.9,1
1633702954,143.9,2
1633702955,143.9,1
1633702957,143.9,2
1633702958,143.9,1
1633702958,143.9,2
1633702959,143.9,1
1633702961,143.9,1
1633702961,143.9,2
1633702965,143.88,4
1633702966,143.88,1
1633702968,143.89,5
1633702969,143.89,1
1633702970,143.91,1
1633702971,143.91,4
1633702972,143.91,1
1633702973,143.9,1
1633702977,143.89,2
1633702977,143.89,1
1633702986,143.86,7
1633702986,143.86,1
1633702989,143.89,1
1633702990,143.91,4
1633702993,143.91,2
1633702993,143.91,8
1633702995,143.92,1
1633702997,143.92,1
1633702998,143.91,1
1633703000,143.9,4
1633703001,143.9,5
1633703004,143.88,3
1633703011,143.9,1
1633703012,143.9,2
1633703014,143.9,1
1633703015,143.9,15
1633703016,143.91,2
1633703018,143.9,1
1633703018,143.9,5
1633703020,143.88,1
1633703022,143.89,5
1633703023,143.9,1
1633703024,143.9,10
1633703025,143.89,1
1633703027,143.88,3
1633703028,143.88,1
1633703031,143.85,2
1633703032,143.85,1
1633703033,143.85,4
1633703039,143.82,1
1633703040,143.82,4
1633703041,143.83,1
1633703042,143.83,5
1633703043,143.83,62
1633703044,143.82,1
1633703045,143.82,10
1633703046,143.82,7
1633703048,143.79,1
1633703055,143.8,3
1633703056,143.8,20
1633703057,143.8,2
1633703057,143.8,1
1633703063,143.81,1
1633703067,143.8,10
1633703067,143.8,2
1633703070,143.76,71
1633703071,143.77,1
1633703073,143.77,1
1633703074,143.77,5
1633703075,143.8,2
1633703076,143.8,1
1633703079,143.79,4
1633703080,143.78,32
1633703080,143.78,1
1633703082,143.79,5
1633703082,143.79,1
1633703085,143.77,1
1633703088,143.75,3
1633703090,143.77,9
1633703091,143.77,1
1633703092,143.77,2
1633703094,143.74,6
1633703094,143.74,1
1633703095,143.74,12
1633703097,143.76,9
1633703098,143.75,1
1633703101,143.75,1
1633703101,143.75,15
1633703102,143.75,1
1633703103,143.74,4
1633703104,143.74,3
1633703110,143.76,5
1633703112,143.79,1
1633703115,143.76,17
1633703124,143.79,2
1633703124,143.79,1
1633703131,143.78,2
1633703132,143.78,1
1633703133,143.77,2
1633703135,143.75,34
1633703136,143.75,20
1633703136,143.75,17
1633703137,143.75,2
1633703141,143.7,2
1633703148,143.69,1
1633703151,143.73,1
1633703153,143.74,8
1633703155,143.75,1
1633703156,143.73,4
1633703157,143.71,5
1633703158,143.71,1
1633703159,143.69,7
1633703160,143.68,1
1633703161,143.67,5
1633703164,143.73,1
1633703166,143.74,1
1633703169,143.71,3
1633703170,143.71,5
1633703170,143.71,1
1633703172,143.71,2
1633703172,143.71,1
1633703173,143.73,2
1633703178,143.76,3
1633703181,143.77,2
1633703184,143.76,1
1633703184,143.76,7
1633703186,143.76,1
1633703187,143.76,2
1633703188,143.77,3
1633703198,143.74,7
1633703200,143.75,5
1633703200,143.75,3
1633703201,143.75,16
1633703205,143.73,1
1633703218,143.74,5
1633703218,143.74,1
1633703220,143.73,2
1633703226,143.72,1
1633703228,143.72,2
1633703230,143.7,1
1633703234,143.72,5
1633703237,143.7,1
1633703237,143.71,1
1633703241,143.74,3
1633703242,143.74,2
1633703242,143.74,1
1633703244,143.74,3
1633703246,143.74,1
1633703251,143.74,1
1633703252,143.74,25
1633703254,143.73,2
1633703258,143.7,3
1633703259,143.7,1
1633703260,143.7,10
1633703261,143.7,1
1633703266,143.72,1
1633703275,143.74,1
1633703276,143.74,17
1633703279,143.74,5
1633703280,143.74,1
1633703282,143.71,1
1633703284,143.7,2
1633703292,143.71,5
1633703303,143.73,5
1633703312,143.75,4
1633703312,143.75,20
1633703313,143.75,1
1633703315,143.74,8
1633703317,143.75,5
1633703319,143.74,1
1633703327,143.79,17
1633703329,143.79,5
1633703330,143.79,5
1633703335,143.76,2
1633703336,143.76,1
1633703339,143.76,4
1633703340,143.76,8
1633703340,143.76,1
1633703341,143.76,3
1633703342,143.76,1
1633703343,143.74,10
1633703344,143.74,1
1633703345,143.74,2
1633703347,143.76,2
1633703351,143.73,1
1633703353,143.74,2
1633703356,143.74,5
1633703356,143.74,1
1633703360,143.74,11
1633703361,143.74,3
1633703362,143.74,1
1633703364,143.74,2
1633703366,143.76,2
1633703366,143.76,3
1633703371,143.75,2
1633703374,143.76,1
1633703374,143.76,2
1633703375,143.76,40
1633703377,143.79,20
1633703379,143.79,5
1633703383,143.79,1
1633703384,143.77,4
1633703390,143.77,2
1633703391,143.76,2
1633703393,143.72,1
1633703394,143.72,4
1633703396,143.72,3
1633703397,143.7,1
1633703402,143.79,6
1633703402,143.79,1
1633703406,143.82,1
1633703407,143.82,2
1633703408,143.8,15
1633703410,143.79,8
1633703410,143.79,1
1633703412,143.81,1
1633703423,143.76,3
1633703426,143.75,2
1633703429,143.76,1
1633703430,143.75,3
1633703431,143.75,1
1633703435,143.74,2
1633703438,143.71,12
1633703439,143.71,1
1633703440,143.73,1
1633703443,143.72,17
1633703444,143.72,1
1633703460,143.82,32
1633703462,143.83,4
1633703466,143.78,1
1633703468,143.79,1
1633703471,143.79,1
1633703474,143.79,1
1633703478,143.82,17
1633703480,143.82,6
1633703482,143.86,3
1633703485,143.83,2
1633703486,143.84,1
1633703488,143.83,1
1633703493,143.84,3
1633703493,143.84,1
1633703494,143.84,3
1633703497,143.81,5
1633703498,143.81,1
1633703500,143.81,5
1633703501,143.8,1
1633703502,143.79,9
1633703504,143.79,20
1633703505,143.79,1
1633703505,143.79,4
1633703513,143.78,17
1633703513,143.78,1
1633703518,143.76,3
1633703526,143.78,1
1633703528,143.78,1
1633703529,143.82,3
1633703531,143.79,1
1633703534,143.79,1
1633703536,143.79,3
1633703536,143.79,17
1633703540,143.78,1
1633703547,143.77,2
1633703552,143.79,2
1633703558,143.79,3
1633703559,143.79,5
1633703559,143.79,1
1633703560,143.79,3
1633703567,143.77,5
1633703569,143.75,8
1633703570,143.75,1
1633703570,143.75,20
1633703579,143.74,1
1633703580,143.74,5
1633703581,143.74,1
1633703583,143.72,1
1633703584,143.72,5
1633703585,143.7,1
1633703587,143.7,5
1633703589,143.71,10
1633703594,143.7,2
1633703596,143.68,2
1633703597,143.69,45
1633703597,143.69,50
1633703598,143.69,1
1633703603,143.66,1
1633703604,143.66,3
1633703604,143.66,1
1633703605,143.64,3
1633703606,143.63,2
1633703607,143.65,1
1633703609,143.64,1
1633703612,143.64,1
1633703615,143.65,2
1633703619,143.65,17
1633703620,143.65,1
1633703621,143.65,2
1633703627,143.65,1
1633703629,143.65,4
1633703630,143.65,1
1633703632,143.64,5
1633703633,143.64,1
1633703635,143.64,1
1633703639,143.62,5
1633703639,143.62,3
1633703642,143.61,2
1633703643,143.62,2
1633703644,143.62,70
1633703645,143.61,1
1633703646,143.6,5
1633703646,143.6,1
1633703648,143.59,10
1633703649,143.6,2
1633703650,143.6,1
1633703653,143.58,20
1633703654,143.59,5
1633703655,143.59,2
1633703656,143.58,3
1633703657,143.59,1
1633703659,143.57,1
1633703659,143.57,5
1633703660,143.57,17
1633703661,143.57,1
1633703663,143.57,5
1633703667,143.55,5
1633703668,143.55,1
1633703671,143.56,3
1633703671,143.57,1
1633703676,143.56,1
1633703677,143.55,1
1633703679,143.55,6
1633703679,143.55,6
1633703679,143.57,5
1633703680,143.56,1
1633703681,143.57,2
1633703683,143.57,2
1633703686,143.57,1
1633703688,143.57,28
1633703689,143.58,1
1633703695,143.54,1
1633703697,143.52,1
1633703698,143.49,1
1633703701,143.52,3
1633703703,143.52,1
1633703706,143.52,1
1633703708,143.56,16
1633703723,143.53,1
1633703723,143.54,1
1633703723,143.54,5
1633703724,143.54,1
1633703728,143.54,2
1633703731,143.54,5
1633703732,143.53,8
1633703733,143.53,1
1633703734,143.54,2
1633703735,143.55,5
1633703738,143.55,2
1633703740,143.56,1
1633703740,143.56,8
1633703741,143.56,1
1633703743,143.57,2
1633703745,143.56,1
1633703746,143.55,2
1633703746,143.55,27
1633703747,143.55,1
1633703748,143.54,62
1633703749,143.54,1
1633703752,143.55,4
1633703753,143.55,1
1633703755,143.54,2
1633703757,143.57,1
1633703758,143.55,1
1633703759,143.55,10
1633703760,143.54,2
1633703762,143.55,4
1633703763,143.55,5
1633703763,143.55,12
1633703771,143.52,1
1633703775,143.51,1
1633703776,143.53,2
1633703777,143.53,1
1633703777,143.53,3
1633703778,143.53,2
1633703784,143.52,7
1633703785,143.52,1
1633703792,143.49,2
1633703792,143.49,3
1633703793,143.49,1
1633703793,143.49,5
1633703794,143.5,3
1633703795,143.5,2
1633703797,143.51,1
1633703799,143.51,3
1633703800,143.51,1
1633703802,143.51,3
1633703805,143.51,4
1633703812,143.5,1
1633703813,143.5,2
1633703814,143.5,1
1633703817,143.49,1
1633703819,143.49,2
1633703820,143.49,1
1633703821,143.49,2
1633703822,143.48,1
1633703822,143.48,1
1633703829,143.53,1
1633703831,143.51,5
1633703838,143.56,70
1633703839,143.56,1
1633703839,143.56,5
1633703843,143.56,1
1633703846,143.56,20
1633703847,143.56,5
1633703847,143.56,1
1633703850,143.55,20
1633703850,143.55,1
1633703855,143.56,1
1633703859,143.54,6
1633703860,143.54,5
1633703868,143.53,1
1633703870,143.53,52
1633703872,143.53,1
1633703873,143.54,5
1633703874,143.55,1
1633703875,143.55,2
1633703876,143.55,1
1633703877,143.53,5
1633703878,143.54,1
1633703879,143.54,2
1633703884,143.51,5
1633703884,143.51,1
1633703887,143.51,8
1633703888,143.52,1
1633703893,143.58,3
1633703894,143.58,10
1633703894,143.58,1
1633703895,143.59,5
1633703898,143.6,1
1633703899,143.6,3
1633703899,143.6,1
1633703901,143.59,1
1633703906,143.57,1
1633703907,143.58,2
1633703909,143.59,5
1633703909,143.59,1
1633703911,143.59,3
1633703912,143.6,1
1633703912,143.6,4
1633703913,143.6,17
1633703913,143.6,1
1633703915,143.62,1
1633703921,143.65,10
1633703923,143.63,1
1633703929,143.62,2
1633703930,143.62,1
1633703934,143.6,33
1633703935,143.6,1
1633703940,143.59,2
1633703942,143.55,1
1633703944,143.54,17
1633703949,143.54,5
1633703956,143.58,2
1633703957,143.6,1
1633703958,143.6,3
1633703966,143.63,3
1633703966,143.63,1
1633703967,143.63,5
1633703968,143.62,1
1633703971,143.62,1
1633703974,143.59,1
1633703977,143.57,2
1633703978,143.57,1
1633703980,143.57,3
1633703985,143.54,3
1633703986,143.53,1
1633703988,143.51,17
1633703988,143.5,1
1633703992,143.48,1
1633703992,143.48,13
1633703994,143.48,5
1633703995,143.48,1
1633703997,143.49,1
1633703997,143.49,2
1633703998,143.49,1
1633703999,143.49,5
1633703999,143.49,1
1633704004,143.51,5
1633704004,143.51,1
1633704006,143.52,2
1633704007,143.5,1
1633704010,143.52,10
1633704013,143.51,5
1633704015,143.49,1
1633704016,143.49,20
1633704016,143.49,1
1633704017,143.51,1
1633704018,143.51,3
1633704022,143.5,3
1633704028,143.4,1
1633704028,143.4,3
1633704030,143.4,20
1633704031,143.41,1
1633704032,143.43,1
1633704040,143.4,9
1633704040,143.4,1
1633704042,143.4,2
1633704043,143.37,1
1633704044,143.38,4
1633704048,143.33,1
1633704050,143.33,2
1633704051,143.32,5
1633704051,143.32,1
1633704052,143.32,2
1633704052,143.32,10
1633704053,143.32,6
1633704054,143.31,1
1633704054,143.32,5
1633704055,143.32,1
1633704061,143.26,1
1633704062,143.29,3
1633704063,143.28,20
1633704074,143.17,1
1633704078,143.2,1
1633704080,143.19,30
1633704080,143.18,5
1633704081,143.18,1
1633704082,143.19,5
1633704084,143.18,12
1633704091,143.17,2
1633704092,143.18,2
1633704094,143.2,2
1633704095,143.19,1
1633704096,143.19,2
1633704103,143.16,1
1633704107,143.16,2
1633704111,143.17,5
1633704112,143.19,3
1633704112,143.19,1
1633704117,143.18,6
1633704118,143.18,5
1633704119,143.18,1
1633704119,143.18,4
1633704124,143.15,5
1633704125,143.15,1
1633704127,143.18,1
1633704132,143.15,3
1633704133,143.17,4
1633704137,143.16,1
1633704138,143.16,2
1633704143,143.17,4
1633704150,143.18,1
1633704156,143.19,1
1633704157,143.19,2
1633704159,143.16,1
1633704160,143.16,2
1633704166,143.12,3
1633704167,143.12,1
1633704168,143.13,2
1633704169,143.1,6
1633704170,143.1,1
1633704171,143.09,48
1633704176,143.1,5
1633704180,143.1,1
1633704184,143.09,40
1633704186,143.1,3
1633704189,143.09,1
1633704189,143.09,3
1633704190,143.09,1
1633704193,143.1,2
1633704193,143.1,4
1633704199,143.09,1
1633704201,143.1,1
1633704201,143.1,2
1633704203,143.1,1
1633704205,143.09,5
1633704206,143.09,1
1633704208,143.12,1
1633704209,143.11,1
1633704210,143.11,2
1633704212,143.12,2
1633704213,143.14,2
1633704214,143.12,1
1633704217,143.12,30
1633704218,143.12,1
1633704218,143.11,1
1633704219,143.11,23
1633704223,143.1,6
1633704230,143.13,3
1633704232,143.15,1
1633704233,143.16,1
1633704233,143.16,10
1633704233,143.18,1
1633704235,143.16,4
1633704237,143.17,2
1633704239,143.16,5
1633704239,143.16,2
1633704241,143.21,2
1633704248,143.2,1
1633704251,143.21,17
1633704253,143.25,2
1633704256,143.24,2
1633704256,143.24,1
1633704257,143.24,11
1633704263,143.25,1
1633704266,143.24,6
1633704267,143.26,3
1633704274,143.24,1
1633704283,143.26,1
1633704289,143.26,5
1633704289,143.26,1
1633704292,143.25,1
1633704294,143.24,4
1633704295,143.23,3
1633704306,143.23,3
1633704307,143.24,1
1633704312,143.28,2
1633704312,143.28,1
1633704313,143.27,25
1633704314,143.26,10
1633704315,143.26,5
1633704316,143.29,1
1633704318,143.3,1
1633704319,143.3,2
1633704321,143.3,2
1633704322,143.3,1
1633704326,143.3,2
1633704326,143.3,11
1633704328,143.3,1
1633704331,143.32,3
1633704332,143.32,1
1633704335,143.3,1
1633704338,143.27,2
1633704338,143.27,4
1633704339,143.26,1
1633704341,143.25,10
1633704342,143.23,10
1633704344,143.21,5
1633704344,143.21,2
1633704345,143.21,1
1633704346,143.21,4
1633704346,143.21,1
1633704348,143.21,1
1633704348,143.18,5
1633704349,143.19,1
1633704350,143.19,9
1633704350,143.19,1
1633704352,143.18,1
1633704352,143.18,2
1633704356,143.2,1
1633704357,143.2,1
1633704359,143.22,10
1633704365,143.22,2
1633704365,143.22,1
1633704370,143.23,1
1633704377,143.2,1
1633704378,143.2,20
1633704380,143.17,1
1633704386,143.18,5
1633704386,143.18,1
1633704387,143.18,2
1633704388,143.17,4
1633704389,143.16,3
1633704390,143.16,2
1633704390,143.16,1
1633704395,143.2,2
1633704395,143.2,1
1633704396,143.19,2
1633704397,143.19,80
1633704397,143.19,5
1633704400,143.2,17
1633704401,143.2,3
1633704402,143.22,10
1633704403,143.23,1
1633704404,143.23,4
1633704405,143.23,2
1633704406,143.2,3
1633704411,143.22,1
1633704413,143.24,1
1633704415,143.22,5
1633704418,143.22,5
1633704423,143.24,1
1633704423,143.24,2
1633704431,143.25,1
1633704433,143.26,2
1633704434,143.26,1
1633704435,143.26,10
1633704442,143.24,1
1633704442,143.24,4
1633704443,143.24,3
1633704445,143.24,16
1633704446,143.24,2
1633704448,143.25,1
1633704452,143.25,2
1633704452,143.25,3
1633704454,143.25,1
1633704455,143.27,7
1633704457,143.24,10
1633704462,143.24,4
1633704463,143.24,1
1633704465,143.23,2
1633704466,143.23,1
1633704467,143.24,3
1633704470,143.23,5
1633704472,143.24,1
1633704478,143.25,1
1633704478,143.24,2
1633704479,143.24,1
1633704481,143.22,5
1633704481,143.22,1
1633704496,143.23,3
1633704498,143.26,1
1633704500,143.27,6
1633704501,143.28,4
1633704501,143.28,1
1633704503,143.28,5
1633704508,143.28,10
1633704508,143.28,1
1633704511,143.29,2
1633704511,143.29,1
1633704513,143.29,5
1633704513,143.29,1
1633704514,143.29,7
1633704515,143.28,2
1633704522,143.33,180
1633704522,143.33,1
1633704525,143.35,3
1633704527,143.32,2
1633704527,143.32,1
1633704529,143.32,10
1633704530,143.32,1
1633704538,143.32,1
1633704540,143.3,5
1633704540,143.3,1
1633704545,143.35,20
1633704545,143.34,5
1633704546,143.34,1
1633704548,143.38,3
1633704550,143.36,1
1633704556,143.3,3
1633704557,143.3,1
1633704557,143.3,2
1633704558,143.3,1
1633704561,143.29,1
1633704561,143.31,3
1633704564,143.28,3
1633704565,143.28,1
1633704567,143.28,1
1633704570,143.26,15
1633704571,143.26,1
1633704575,143.27,2
1633704577,143.26,6
1633704578,143.26,1
1633704581,143.26,8
1633704583,143.23,1
1633704584,143.24,1
1633704585,143.24,2
1633704585,143.24,1
1633704591,143.26,4
1633704592,143.26,62
1633704595,143.26,3
1633704597,143.27,1
1633704598,143.27,2
1633704603,143.3,1
1633704606,143.33,53
1633704606,143.32,1
1633704607,143.32,10
1633704607,143.32,1
1633704608,143.32,1
1633704609,143.32,6
1633704610,143.3,3
1633704612,143.29,2
1633704612,143.29,25
1633704614,143.27,3
1633704615,143.26,2
1633704616,143.26,1
1633704619,143.23,1
1633704621,143.24,1
1633704624,143.23,7
1633704625,143.23,1
1633704626,143.23,3
1633704626,143.23,1
1633704630,143.29,1
1633704632,143.31,50
1633704634,143.34,2
1633704635,143.34,1
1633704637,143.36,1
1633704639,143.35,4
1633704640,143.35,1
1633704642,143.35,1
1633704642,143.35,1
1633704643,143.34,1
1633704646,143.35,2
1633704647,143.37,1
1633704649,143.37,6
1633704650,143.37,1
1633704651,143.37,1
1633704652,143.37,3
1633704657,143.37,100
1633704658,143.37,1
1633704663,143.39,1
1633704664,143.38,1
1633704668,143.39,5
1633704669,143.38,1
1633704672,143.36,3
1633704674,143.34,3
1633704676,143.34,2
1633704676,143.34,10
1633704677,143.34,1
1633704683,143.35,1
1633704689,143.36,1
1633704693,143.35,1
1633704695,143.35,1
1633704697,143.32,52
1633704701,143.34,1
1633704702,143.34,2
1633704706,143.36,3
1633704711,143.36,2
1633704728,143.38,3
1633704730,143.4,17
1633704734,143.46,9
1633704740,143.46,2
1633704742,143.49,1
1633704743,143.46,4
1633704744,143.45,1
1633704747,143.43,20
1633704748,143.43,1
1633704749,143.44,1
1633704750,143.46,3
1633704751,143.46,1
1633704753,143.46,3
1633704753,143.46,7
1633704754,143.47,2
1633704755,143.47,1
1633704758,143.43,6
1633704761,143.44,2
1633704762,143.44,1
1633704767,143.43,5
1633704767,143.43,1
1633704771,143.43,10
1633704773,143.43,1
1633704778,143.43,17
1633704779,143.42,52
1633704781,143.42,5
1633704782,143.43,1
1633704784,143.45,53
1633704784,143.45,1
1633704789,143.44,2
1633704790,143.43,1
1633704796,143.43,1
1633704797,143.43,4
1633704798,143.43,5
1633704801,143.42,1
1633704801,143.42,53
1633704803,143.43,2
1633704803,143.43,1
1633704810,143.43,17
1633704814,143.45,1
1633704816,143.45,4
1633704816,143.45,1
1633704818,143.45,1
1633704819,143.45,2
1633704820,143.45,1
1633704825,143.43,1
1633704828,143.43,3
1633704829,143.42,3
1633704832,143.42,5
1633704833,143.41,53
1633704837,143.43,1
1633704840,143.42,1
1633704843,143.43,1
1633704845,143.43,3
1633704846,143.41,2
1633704849,143.4,53
1633704854,143.41,14
1633704855,143.41,1
1633704857,143.41,1
1633704859,143.39,2
1633704863,143.4,10
1633704863,143.4,1
1633704866,143.4,7
1633704866,143.4,2
1633704867,143.4,1
1633704870,143.4,9
1633704871,143.4,5
1633704877,143.39,3
1633704878,143.39,1
1633704886,143.44,1
1633704886,143.46,53
1633704891,143.46,73
1633704891,143.46,1
1633704894,143.46,12
1633704896,143.45,2
1633704903,143.45,3
1633704903,143.45,1
1633704905,143.46,17
1633704912,143.41,3
1633704913,143.41,1
1633704914,143.41,4
1633704915,143.41,3
1633704917,143.41,1
1633704918,143.41,4
1633704923,143.39,1
1633704923,143.39,2
1633704925,143.38,1
1633704926,143.38,3
1633704932,143.37,4
1633704933,143.38,1
1633704933,143.38,3
1633704942,143.34,5
1633704945,143.35,5
1633704947,143.35,1
1633704947,143.35,3
1633704949,143.33,1
1633704953,143.37,3
1633704955,143.36,1
1633704956,143.37,5
1633704958,143.37,1
1633704964,143.4,5
1633704965,143.4,1
1633704966,143.4,5
1633704966,143.4,1
1633704967,143.4,2
1633704971,143.4,1
1633704971,143.4,15
1633704971,143.4,1
1633704974,143.41,10
1633704975,143.4,53
1633704975,143.4,53
1633704977,143.4,1
1633704979,143.4,1
1633704980,143.43,1
1633704981,143.43,2
1633704982,143.43,1
1633704986,143.43,17
1633704989,143.43,2
1633704991,143.43,1
1633704991,143.43,10
1633704995,143.44,1
1633704996,143.45,1
1633705000,143.43,10
1633705001,143.41,1
1633705002,143.4,1
1633705003,143.4,2
1633705003,143.4,17
1633705010,143.4,5
1633705011,143.4,1
1633705012,143.39,4
1633705014,143.38,1
1633705017,143.36,2
1633705018,143.35,1
1633705019,143.34,1
1633705021,143.35,1
1633705025,143.4,4
1633705026,143.4,1
1633705026,143.4,2
1633705027,143.4,1
1633705033,143.37,1
1633705034,143.38,3
1633705037,143.4,8
1633705043,143.38,4
1633705043,143.38,1
1633705045,143.37,17
1633705047,143.37,6
1633705047,143.37,1
1633705058,143.36,10
1633705067,143.37,1
1633705067,143.37,5
1633705068,143.37,1
1633705069,143.37,3
1633705070,143.37,2
1633705070,143.37,1
1633705076,143.35,17
1633705080,143.35,1
1633705080,143.35,4
1633705081,143.35,1
1633705082,143.35,1
1633705085,143.36,1
1633705087,143.35,4
1633705088,143.37,1
1633705090,143.4,49
1633705090,143.41,1
1633705091,143.4,5
1633705093,143.39,4
1633705093,143.39,1
1633705094,143.39,17
1633705098,143.38,1
1633705099,143.37,10
1633705100,143.36,2
1633705101,143.36,1
1633705103,143.35,3
1633705103,143.35,4
1633705104,143.34,1
1633705105,143.37,7
1633705106,143.37,1
1633705107,143.37,4
1633705116,143.34,1
1633705118,143.35,1
1633705120,143.35,3
1633705123,143.34,5
1633705124,143.34,1
1633705130,143.35,1
1633705131,143.35,17
1633705134,143.32,1
1633705145,143.35,3
1633705156,143.32,2
1633705160,143.29,2
1633705160,143.29,1
1633705161,143.29,5
1633705162,143.29,1
1633705166,143.31,1
1633705167,143.31,17
1633705168,143.31,5
1633705169,143.32,1
1633705171,143.34,1
1633705174,143.33,1
1633705177,143.34,1
1633705181,143.32,3
1633705183,143.3,2
1633705186,143.3,2
1633705188,143.29,2
1633705188,143.29,1
1633705203,143.32,17
1633705205,143.35,6
1633705206,143.34,4
1633705212,143.32,1
1633705213,143.32,3
1633705214,143.3,1
1633705216,143.3,1
1633705217,143.3,2
1633705223,143.29,3
1633705234,143.28,1
1633705251,143.32,31
1633705252,143.32,22
1633705254,143.32,1
1633705262,143.32,2
1633705265,143.29,1
1633705267,143.29,17
1633705268,143.29,1
1633705269,143.28,1
1633705281,143.27,1
1633705285,143.28,7
1633705297,143.31,2
1633705297,143.31,1
1633705303,143.3,1
1633705306,143.29,10
1633705308,143.29,3
1633705310,143.28,1
1633705311,143.28,2
1633705314,143.29,1
1633705318,143.28,3
1633705318,143.28,1
1633705321,143.28,3
1633705326,143.29,15
1633705331,143.29,2
1633705332,143.29,1
1633705336,143.28,7
1633705336,143.28,1
1633705339,143.29,17
1633705341,143.28,19
1633705346,143.26,2
1633705346,143.26,3
1633705347,143.26,6
1633705348,143.26,1
1633705353,143.29,14
1633705354,143.3,9
1633705355,143.3,1
1633705357,143.28,2
1633705358,143.29,1
1633705362,143.29,2
1633705363,143.29,1
1633705364,143.29,3
1633705365,143.29,1
1633705366,143.29,3
1633705366,143.29,17
1633705368,143.29,1
1633705371,143.3,2
1633705371,143.3,1
1633705373,143.29,3
1633705374,143.29,2
1633705378,143.32,4
1633705379,143.32,1
1633705379,143.32,3
1633705380,143.32,2
1633705386,143.36,1
1633705389,143.37,16
1633705390,143.37,2
1633705393,143.36,4
1633705394,143.36,2
1633705398,143.37,4
1633705402,143.34,1
1633705407,143.35,2
1633705410,143.32,3
1633705411,143.32,1
1633705414,143.35,2
1633705417,143.35,1
1633705418,143.35,3
1633705418,143.35,1
1633705419,143.35,7
1633705420,143.35,1
1633705427,143.32,1
1633705429,143.32,1
1633705433,143.32,1
1633705435,143.33,17
1633705435,143.33,5
1633705449,143.33,1
1633705452,143.33,3
1633705453,143.33,1
1633705454,143.31,1
1633705456,143.32,6
1633705456,143.32,1
1633705457,143.31,10
1633705458,143.32,1
1633705459,143.31,2
1633705465,143.31,3
1633705468,143.32,7
1633705468,143.32,1
1633705470,143.31,1
1633705478,143.32,9
1633705488,143.3,5
1633705496,143.26,20
1633705499,143.27,3
1633705502,143.25,10
1633705504,143.23,4
1633705505,143.22,1
1633705506,143.2,11
1633705508,143.18,1
1633705509,143.18,1
1633705513,143.18,2
1633705513,143.18,1
1633705514,143.18,4
1633705516,143.19,1
1633705517,143.2,1
1633705519,143.23,2
1633705523,143.25,5
1633705525,143.26,5
1633705526,143.26,3
1633705526,143.26,5
1633705529,143.26,5
1633705532,143.26,2
1633705536,143.26,6
1633705536,143.26,1
1633705543,143.23,1
1633705550,143.26,3
1633705550,143.26,1
1633705551,143.25,1
1633705558,143.26,1
1633705559,143.26,2
1633705567,143.24,5
1633705568,143.24,1
1633705570,143.25,5
1633705572,143.26,3
1633705575,143.23,3
1633705575,143.23,1
1633705576,143.24,1
1633705580,143.24,1
1633705581,143.24,5
1633705594,143.28,3
1633705594,143.28,1
1633705599,143.28,1
1633705599,143.29,1
1633705601,143.31,19
1633705601,143.31,3
1633705605,143.28,2
1633705606,143.27,1
1633705606,143.27,2
1633705607,143.27,1
1633705615,143.28,5
1633705616,143.28,1
1633705617,143.27,1
1633705618,143.29,4
1633705621,143.28,5
1633705629,143.26,5
1633705638,143.27,2
1633705639,143.27,1
1633705640,143.28,2
1633705641,143.28,1
1633705642,143.28,14
1633705643,143.29,1
1633705645,143.3,2
1633705647,143.31,1
1633705647,143.31,1
1633705655,143.3,2
1633705656,143.3,1
1633705657,143.31,2
1633705661,143.31,1
1633705663,143.32,1
1633705665,143.32,5
1633705666,143.33,8
1633705667,143.32,5
1633705667,143.33,5
1633705668,143.32,3
1633705669,143.32,1
1633705669,143.32,3
1633705670,143.31,5
1633705671,143.31,1
1633705679,143.3,52
1633705685,143.29,1
1633705686,143.3,1
1633705687,143.3,2
1633705690,143.27,5
1633705691,143.29,1
1633705692,143.29,5
1633705692,143.29,1
1633705696,143.3,5
1633705697,143.31,1
1633705698,143.33,14
1633705699,143.33,2
1633705700,143.33,6
1633705701,143.33,1
1633705702,143.33,5
1633705704,143.33,1
1633705705,143.33,8
1633705707,143.32,8
1633705707,143.32,7
1633705709,143.32,1
1633705711,143.32,10
1633705712,143.33,2
1633705713,143.33,1
1633705717,143.3,1
1633705717,143.3,5
1633705719,143.31,2
1633705722,143.32,2
1633705724,143.35,1
1633705726,143.33,2
1633705729,143.34,1
1633705730,143.33,4
1633705731,143.32,6
1633705733,143.34,5
1633705738,143.33,3
1633705741,143.34,13
1633705742,143.34,5
1633705743,143.35,5
1633705748,143.34,2
1633705751,143.37,3
1633705753,143.37,1
1633705757,143.39,1
1633705757,143.39,5
1633705759,143.39,2
1633705760,143.39,1
1633705762,143.37,1
1633705765,143.37,2
1633705767,143.38,6
1633705767,143.38,1
1633705769,143.38,2
1633705770,143.37,17
1633705773,143.38,8
1633705774,143.38,2
1633705781,143.37,10
1633705782,143.37,1
1633705785,143.36,2
1633705790,143.36,5
1633705792,143.34,17
1633705793,143.34,1
1633705797,143.37,3
1633705798,143.37,1
1633705799,143.38,12
1633705803,143.38,4
1633705804,143.38,1
1633705808,143.35,2
1633705808,143.35,1
1633705809,143.35,4
1633705812,143.35,2
1633705812,143.35,1
1633705815,143.34,3
1633705818,143.34,2
1633705824,143.36,1
1633705828,143.35,10
1633705828,143.35,3
1633705829,143.35,2
1633705831,143.36,6
1633705831,143.36,1
1633705838,143.37,2
1633705843,143.34,9
1633705844,143.35,1
1633705847,143.35,5
1633705850,143.35,2
1633705851,143.35,1
1633705853,143.34,2
1633705854,143.34,3
1633705854,143.34,1
1633705855,143.33,1
1633705857,143.33,7
1633705867,143.32,3
1633705869,143.33,1
1633705870,143.35,3
1633705872,143.35,13
1633705882,143.35,4
1633705883,143.35,6
1633705883,143.35,17
1633705885,143.36,3
1633705886,143.35,3
1633705893,143.35,6
1633705895,143.34,17
1633705895,143.34,7
1633705898,143.34,15
1633705899,143.34,1
1633705901,143.34,2
1633705904,143.33,1
1633705910,143.34,2
1633705913,143.35,6
1633705923,143.37,1
1633705924,143.37,6
1633705926,143.37,17
1633705926,143.37,3
1633705927,143.38,1
1633705927,143.38,3
1633705928,143.38,59
1633705928,143.38,2
1633705929,143.38,1
1633705933,143.4,1
1633705933,143.4,17
1633705935,143.41,1
1633705938,143.41,2
1633705943,143.41,1
1633705944,143.41,4
1633705948,143.41,2
1633705949,143.4,97
1633705950,143.39,17
1633705952,143.38,1
1633705960,143.38,1
1633705961,143.4,1
1633705962,143.4,5
1633705962,143.4,3
1633705967,143.4,4
1633705967,143.4,1
1633705969,143.4,17
1633705969,143.4,1
1633705970,143.4,4
1633705970,143.4,1
1633705973,143.41,1
1633705974,143.41,2
1633705977,143.42,1
1633705982,143.43,4
1633705982,143.43,1
1633705986,143.43,3
1633705986,143.43,2
1633705988,143.43,2
1633705989,143.44,2
1633705990,143.44,7
1633705996,143.44,8
1633705998,143.44,7
1633706004,143.46,8
1633706012,143.45,3
1633706014,143.43,1
1633706018,143.44,1
1633706024,143.43,2
1633706024,143.43,1
1633706026,143.43,10
1633706027,143.43,1
1633706035,143.45,3
1633706037,143.45,1
1633706042,143.44,2
1633706042,143.44,1
1633706044,143.44,10
1633706048,143.46,2
1633706049,143.46,1
1633706049,143.46,15
1633706051,143.45,30
1633706053,143.45,2
1633706054,143.45,1
1633706056,143.44,1
1633706056,143.45,3
1633706057,143.45,1
1633706058,143.45,4
1633706058,143.45,2
1633706059,143.46,1
1633706063,143.45,4
1633706066,143.4,5
1633706066,143.4,1
1633706067,143.4,2
1633706067,143.4,1
1633706071,143.42,1
1633706079,143.44,30
1633706093,143.46,3
1633706094,143.46,1
1633706103,143.4,2
1633706104,143.4,11
1633706104,143.4,1
1633706105,143.4,2
1633706107,143.41,1
1633706113,143.39,3
1633706115,143.39,1
1633706124,143.41,5
1633706129,143.4,5
1633706131,143.4,10
1633706131,143.4,6
1633706133,143.39,1
1633706135,143.38,20
1633706136,143.39,1
1633706137,143.4,2
1633706138,143.4,1
1633706139,143.4,3
1633706141,143.4,1
1633706156,143.41,1
1633706159,143.41,3
1633706166,143.4,2
1633706173,143.43,2
1633706175,143.42,1
1633706189,143.41,1
1633706192,143.41,3
1633706195,143.43,1
1633706195,143.43,2
1633706203,143.38,5
1633706204,143.38,1
1633706205,143.39,3
1633706207,143.4,1
1633706210,143.4,3
1633706210,143.4,1
1633706211,143.39,30
1633706212,143.39,1
1633706215,143.39,1
1633706220,143.42,2
1633706221,143.41,1
1633706222,143.41,5
1633706225,143.43,1
1633706229,143.4,5
1633706230,143.4,1
1633706237,143.41,7
1633706237,143.41,1
1633706247,143.41,1
1633706285,143.43,1
1633706288,143.43,4
1633706294,143.43,4
1633706296,143.43,1
1633706298,143.42,2
1633706304,143.39,3
1633706307,143.4,3
1633706308,143.4,5
1633706309,143.4,1
1633706312,143.37,1
1633706313,143.38,1
1633706317,143.4,6
1633706318,143.4,2
1633706319,143.4,1
1633706322,143.43,2
1633706331,143.45,10
1633706332,143.45,1
1633706334,143.45,1
1633706339,143.48,2
1633706342,143.49,1
1633706344,143.48,1
1633706348,143.46,3
1633706349,143.46,4
1633706350,143.46,1
1633706350,143.46,6
1633706351,143.46,1
1633706352,143.46,37
1633706352,143.46,17
1633706353,143.47,1
1633706355,143.48,10
1633706360,143.47,2
1633706361,143.46,1
1633706362,143.46,5
1633706363,143.47,20
1633706367,143.47,3
1633706369,143.45,17
1633706369,143.45,1
1633706373,143.46,1
1633706374,143.46,6
1633706374,143.46,1
1633706380,143.46,6
1633706389,143.45,16
1633706390,143.45,1
1633706398,143.45,1
1633706412,143.44,16
1633706413,143.44,1
1633706424,143.39,2
1633706428,143.41,4
1633706432,143.4,1
1633706433,143.4,5
1633706440,143.36,1
1633706441,143.36,19
1633706444,143.4,4
1633706445,143.4,1
1633706448,143.41,1
1633706451,143.4,5
1633706451,143.39,7
1633706452,143.39,1
1633706455,143.38,3
1633706456,143.38,6
1633706456,143.38,2
1633706458,143.36,1
1633706464,143.37,2
1633706465,143.37,5
1633706466,143.37,1
1633706478,143.38,4
1633706479,143.38,7
1633706480,143.38,1
1633706480,143.38,6
1633706483,143.39,3
1633706486,143.38,1
1633706490,143.39,1
1633706492,143.4,1
1633706494,143.41,2
1633706502,143.4,1
1633706519,143.39,3
1633706520,143.4,1
1633706521,143.4,4
1633706522,143.4,1
1633706522,143.4,3
1633706523,143.4,1
1633706525,143.41,3
1633706525,143.41,2
1633706528,143.4,2
1633706529,143.4,17
1633706535,143.4,1
1633706536,143.38,17
1633706537,143.38,1
1633706538,143.37,13
1633706551,143.39,1
1633706568,143.38,4
1633706572,143.37,1
1633706577,143.34,1
1633706579,143.32,1
1633706580,143.34,1
1633706581,143.33,1
1633706584,143.34,5
1633706585,143.34,1
1633706587,143.33,12
1633706592,143.36,1
1633706592,143.36,2
1633706597,143.33,5
1633706598,143.34,2
1633706598,143.34,1
1633706605,143.34,5
1633706605,143.34,14
1633706606,143.34,17
1633706611,143.35,3
1633706612,143.36,2
1633706614,143.35,1
1633706617,143.36,4
1633706618,143.37,1
1633706626,143.33,3
1633706629,143.35,1
1633706638,143.32,6
1633706642,143.29,1
1633706646,143.27,1
1633706647,143.29,2
1633706650,143.29,2
1633706651,143.29,1
1633706658,143.3,2
1633706662,143.25,1
1633706664,143.26,1
1633706665,143.26,5
1633706665,143.26,1
1633706669,143.26,4
1633706670,143.26,1
1633706677,143.26,4
1633706681,143.26,1
1633706682,143.26,7
1633706682,143.26,1
1633706686,143.24,2
1633706686,143.24,1
1633706690,143.24,1
1633706694,143.24,2
1633706695,143.24,1
1633706697,143.25,1
1633706698,143.25,5
1633706701,143.28,43
1633706705,143.25,1
1633706708,143.24,1
1633706712,143.23,3
1633706712,143.23,2
1633706714,143.21,3
1633706715,143.21,1
1633706723,143.21,5
1633706725,143.23,5
1633706726,143.23,1
1633706738,143.22,1
1633706743,143.26,10
1633706744,143.26,1
1633706744,143.26,5
1633706746,143.25,7
1633706746,143.25,1
1633706748,143.25,10
1633706749,143.25,1
1633706751,143.26,1
1633706755,143.26,5
1633706757,143.26,3
1633706758,143.26,1
1633706759,143.26,4
1633706760,143.26,1
1633706762,143.27,7
1633706763,143.27,4
1633706763,143.27,8
1633706765,143.26,2
1633706765,143.26,4
1633706766,143.26,1
1633706772,143.26,1
1633706775,143.27,7
1633706775,143.27,1
1633706780,143.28,1
1633706784,143.24,1
1633706785,143.24,2
1633706785,143.24,1
1633706792,143.26,1
1633706792,143.26,3
1633706793,143.26,7
1633706794,143.26,2
1633706794,143.26,1
1633706795,143.26,4
1633706796,143.26,20
1633706799,143.27,8
1633706801,143.29,3
1633706802,143.29,1
1633706807,143.29,1
1633706808,143.29,50
1633706809,143.3,33
1633706810,143.3,1
1633706811,143.32,3
1633706811,143.32,2
1633706812,143.33,69
1633706816,143.34,5
1633706817,143.34,3
1633706819,143.32,5
1633706819,143.32,1
1633706822,143.32,3
1633706822,143.32,1
1633706824,143.3,27
1633706824,143.3,1
1633706826,143.3,2
1633706827,143.3,1
1633706833,143.32,5
1633706834,143.32,3
1633706835,143.31,1
1633706840,143.3,1
1633706843,143.32,1
1633706844,143.33,10
1633706846,143.32,1
1633706851,143.31,2
1633706852,143.31,3
1633706853,143.32,1
1633706855,143.32,1
1633706861,143.32,3
1633706863,143.32,1
1633706863,143.32,2
1633706864,143.32,1
1633706870,143.29,1
1633706873,143.29,1
1633706879,143.3,1
1633706880,143.3,1
1633706881,143.29,5
1633706882,143.29,48
1633706884,143.29,1
1633706884,143.29,3
1633706885,143.29,2
1633706885,143.29,1
1633706886,143.29,5
1633706887,143.29,1
1633706888,143.29,2
1633706889,143.3,1
1633706890,143.31,2
1633706892,143.31,1
1633706893,143.31,5
1633706894,143.31,20
1633706895,143.3,1
1633706898,143.3,4
1633706900,143.29,5
1633706901,143.29,1
1633706907,143.29,20
1633706910,143.3,27
1633706917,143.32,1
1633706918,143.32,2
1633706926,143.33,5
1633706929,143.32,2
1633706930,143.31,2
1633706931,143.32,10
1633706932,143.32,1
1633706945,143.29,2
1633706945,143.29,1
1633706954,143.29,4
1633706958,143.32,10
1633706958,143.32,1
1633706959,143.32,2
1633706960,143.32,1
1633706964,143.3,4
1633706973,143.28,6
1633706975,143.28,1
1633706976,143.27,2
1633706981,143.27,9
1633706988,143.32,2
1633706995,143.3,1
1633706999,143.29,3
1633707000,143.29,1
1633707004,143.29,4
1633707007,143.29,2
1633707008,143.29,4
1633707008,143.3,1
1633707009,143.3,2
1633707010,143.3,1
1633707011,143.3,2
1633707012,143.3,1
1633707016,143.28,1
1633707018,143.26,1
1633707019,143.27,1
1633707027,143.25,2
1633707028,143.25,1
1633707029,143.26,3
1633707039,143.29,6
1633707039,143.29,1
1633707044,143.33,1
1633707048,143.32,1
1633707053,143.32,5
1633707057,143.29,4
1633707058,143.29,1
1633707063,143.29,3
1633707063,143.29,1
1633707067,143.29,5
1633707075,143.26,10
1633707076,143.26,1
1633707080,143.3,2
1633707081,143.3,1
1633707083,143.29,2
1633707088,143.29,1
1633707096,143.28,1
1633707097,143.29,13
1633707099,143.29,1
1633707101,143.3,1
1633707103,143.3,4
1633707105,143.29,1
1633707106,143.29,4
1633707109,143.28,3
1633707110,143.28,2
1633707111,143.28,1
1633707116,143.29,1
1633707117,143.28,2
1633707127,143.34,2
1633707129,143.34,1
1633707129,143.34,2
1633707130,143.34,3
1633707130,143.34,1
1633707133,143.31,5
1633707139,143.32,4
1633707139,143.32,1
1633707142,143.33,2
1633707145,143.32,2
1633707146,143.33,1
1633707149,143.32,1
1633707154,143.34,2
1633707155,143.34,1
1633707156,143.35,2
1633707157,143.35,1
1633707160,143.33,4
1633707161,143.33,1
1633707162,143.35,3
1633707164,143.34,5
1633707168,143.34,2
1633707171,143.34,2
1633707171,143.34,1
1633707181,143.36,10
1633707182,143.36,1
1633707184,143.35,3
1633707188,143.35,3
1633707189,143.35,4
1633707189,143.35,1
1633707191,143.34,3
1633707192,143.34,1
1633707194,143.35,5
1633707198,143.34,1
1633707200,143.34,3
1633707200,143.34,1
1633707204,143.3,1
1633707208,143.28,1
1633707210,143.26,4
1633707211,143.26,1
1633707212,143.26,4
1633707213,143.26,1
1633707214,143.26,5
1633707215,143.25,1
1633707216,143.26,2
1633707217,143.26,1
1633707218,143.24,2
1633707225,143.22,1
1633707226,143.23,1
1633707229,143.23,1
1633707230,143.23,3
1633707231,143.23,2
1633707231,143.23,1
1633707237,143.25,3
1633707238,143.26,1
1633707243,143.25,18
1633707246,143.21,1
1633707252,143.21,3
1633707252,143.21,2
1633707253,143.21,1
1633707253,143.21,4
1633707255,143.22,1
1633707257,143.21,1
1633707259,143.21,1
1633707262,143.21,1
1633707262,143.21,6
1633707263,143.21,1
1633707267,143.21,6
1633707267,143.21,1
1633707268,143.21,2
1633707272,143.21,10
1633707273,143.21,1
1633707277,143.22,6
1633707277,143.22,5
1633707280,143.2,2
1633707281,143.21,2
1633707282,143.21,1
1633707283,143.21,2
1633707284,143.23,2
1633707284,143.23,2
1633707292,143.19,5
1633707292,143.18,1
1633707293,143.18,30
1633707295,143.18,1
1633707296,143.19,1
1633707303,143.15,27
1633707305,143.17,2
1633707313,143.15,2
1633707317,143.16,20
1633707318,143.15,2
1633707319,143.15,8
1633707319,143.15,1
1633707323,143.16,3
1633707324,143.16,1
1633707326,143.15,1
1633707327,143.14,1
1633707329,143.15,6
1633707331,143.14,5
1633707336,143.17,1
1633707337,143.16,2
1633707342,143.15,2
1633707343,143.15,1
1633707345,143.15,1
1633707347,143.17,1
1633707348,143.17,2
1633707348,143.17,1
1633707351,143.17,10
1633707353,143.2,3
1633707354,143.19,5
1633707356,143.2,5
1633707357,143.17,1
1633707361,143.11,2
1633707361,143.12,30
1633707362,143.12,6
1633707362,143.12,1
1633707364,143.12,2
1633707367,143.15,1
1633707371,143.13,2
1633707372,143.14,30
1633707373,143.15,1
1633707374,143.15,2
1633707375,143.15,1
1633707377,143.14,2
1633707378,143.14,1
1633707382,143.15,1
1633707384,143.16,1
1633707391,143.15,9
1633707393,143.16,4
1633707393,143.16,1
1633707394,143.16,5
1633707395,143.16,1
1633707407,143.16,10
1633707410,143.18,1
1633707410,143.18,2
1633707411,143.17,2
1633707412,143.16,6
1633707413,143.16,1
1633707414,143.16,6
1633707414,143.16,1
1633707415,143.15,2
1633707417,143.16,1
1633707418,143.16,2
1633707418,143.16,1
1633707421,143.15,3
1633707426,143.16,2
1633707427,143.15,3
1633707427,143.15,2
1633707428,143.15,1
1633707429,143.15,9
1633707430,143.15,5
1633707433,143.16,1
1633707435,143.15,1
1633707437,143.16,3
1633707441,143.15,2
1633707442,143.15,1
1633707443,143.15,26
1633707445,143.15,3
1633707447,143.17,1
1633707450,143.16,1
1633707452,143.17,20
1633707453,143.16,22
1633707453,143.16,1
1633707454,143.16,3
1633707458,143.15,7
1633707461,143.17,10
1633707462,143.17,3
1633707463,143.16,1
1633707476,143.16,1
1633707476,143.16,10
1633707477,143.16,1
1633707493,143.15,1
1633707494,143.14,2
1633707495,143.15,2
1633707496,143.16,1
1633707498,143.16,2
1633707500,143.16,1
1633707501,143.16,3
1633707501,143.16,2
1633707502,143.16,3
1633707503,143.15,1
1633707504,143.16,1
1633707507,143.16,2
1633707507,143.16,1
1633707509,143.15,2
1633707510,143.15,6
1633707510,143.15,3
1633707511,143.15,1
1633707511,143.15,2
1633707515,143.15,3
1633707516,143.14,2
1633707516,143.14,6
1633707517,143.15,7
1633707521,143.15,2
1633707522,143.15,1
1633707527,143.15,6
1633707527,143.15,1
1633707529,143.15,3
1633707532,143.15,3
1633707538,143.16,3
1633707539,143.16,6
1633707540,143.17,5
1633707545,143.15,1
1633707547,143.16,10
1633707554,143.16,6
1633707554,143.16,1
1633707556,143.17,2
1633707559,143.16,20
1633707563,143.16,2
1633707564,143.17,2
1633707565,143.16,1
1633707566,143.16,62
1633707566,143.16,1
1633707569,143.16,6
1633707570,143.16,1
1633707573,143.16,40
1633707574,143.16,1
1633707575,143.15,2
1633707576,143.15,1
1633707580,143.16,1
1633707586,143.17,6
1633707590,143.16,1
1633707597,143.15,2
1633707598,143.16,1
1633707599,143.16,1
1633707600,143.16,2
1633707604,143.15,1
1633707606,143.15,3
1633707606,143.15,5
1633707608,143.15,6
1633707609,143.15,2
1633707610,143.15,10
1633707610,143.15,1
1633707617,143.15,1
1633707624,143.12,2
1633707625,143.11,10
1633707626,143.1,20
1633707631,143.09,3
1633707631,143.09,1
1633707633,143.1,2
1633707633,143.1,1
1633707636,143.09,1
1633707637,143.08,2
1633707640,143.1,2
1633707643,143.1,5
1633707647,143.09,2
1633707651,143.09,1
1633707652,143.09,5
1633707655,143.1,5
1633707657,143.12,3
1633707658,143.12,1
1633707663,143.1,2
1633707665,143.1,1
1633707668,143.08,5
1633707675,143.07,2
1633707675,143.07,1
1633707682,143.07,2
1633707683,143.08,2
1633707684,143.08,1
1633707686,143.08,1
1633707689,143.07,3
1633707692,143.09,2
1633707694,143.07,1
1633707695,143.07,53
1633707696,143.08,1
1633707701,143.09,2
1633707702,143.09,1
1633707705,143.08,4
1633707713,143.07,1
1633707718,143.1,10
1633707719,143.1,1
1633707720,143.1,2
1633707722,143.09,32
1633707722,143.09,1
1633707723,143.09,5
1633707723,143.09,1
1633707725,143.08,5
1633707729,143.12,2
1633707730,143.12,1
1633707731,143.12,2
1633707731,143.12,1
1633707732,143.12,53
1633707732,143.12,1
1633707737,143.1,1
1633707740,143.1,2
1633707741,143.1,1
1633707744,143.1,42
1633707744,143.1,1
1633707746,143.1,5
1633707746,143.1,1
1633707752,143.11,3
1633707752,143.11,1
1633707755,143.1,10
1633707755,143.1,1
1633707761,143.11,2
1633707762,143.11,1
1633707765,143.12,2
1633707766,143.12,5
1633707767,143.12,2
1633707773,143.12,2
1633707774,143.12,1
1633707776,143.13,7
1633707777,143.13,1
1633707778,143.13,2
1633707779,143.13,1
1633707782,143.13,6
1633707782,143.13,11
1633707783,143.13,1
1633707786,143.13,2
1633707790,143.14,3
1633707790,143.14,1
1633707794,143.15,2
1633707794,143.15,1
1633707795,143.15,14
1633707798,143.14,3
1633707799,143.14,1
1633707811,143.11,1
1633707818,143.1,3
1633707819,143.1,1
1633707820,143.1,2
1633707820,143.1,5
1633707821,143.1,1
1633707825,143.1,6
1633707827,143.1,1
1633707827,143.1,2
1633707832,143.1,2
1633707832,143.1,1
1633707833,143.1,6
1633707834,143.1,3
1633707834,143.1,1
1633707839,143.07,5
1633707843,143.07,2
1633707843,143.07,1
1633707844,143.07,3
1633707846,143.07,1
1633707849,143.06,1
1633707852,143.04,10
1633707853,143.04,3
1633707853,143.04,5
1633707855,143.04,1
1633707856,143.03,1
1633707857,143.03,13
1633707857,143.03,1
1633707858,143.04,1
1633707859,143.04,2
1633707860,143.04,1
1633707863,143.04,3
1633707866,143.03,24
1633707866,143.03,1
1633707868,143.01,3
1633707869,143.01,2
1633707872,142.98,5
1633707872,142.98,1
1633707873,142.98,5
1633707874,142.99,1
1633707877,142.99,1
1633707877,142.99,2
1633707882,143,1
1633707883,143.01,1
1633707889,143,1
1633707890,143,3
1633707891,143,1
1633707894,143.02,1
1633707895,143.02,5
1633707895,143.02,6
1633707896,143.01,1
1633707899,143.05,8
1633707905,143.03,2
1633707906,143.03,1
1633707908,143.04,3
1633707909,143.04,2
1633707911,143.04,1
1633707912,143.04,10
1633707912,143.04,1
1633707913,143.04,20
1633707914,143.04,2
1633707920,143.07,4
1633707920,143.07,1
1633707922,143.07,1
1633707927,143.04,1
1633707930,143.04,1
1633707941,143.01,2
1633707943,143,2
1633707945,142.99,3
1633707946,143,1
1633707947,142.99,2
1633707948,143,1
1633707949,143,5
1633707949,143.01,2
1633707950,143.01,1
1633707950,143.01,10
1633707951,143.01,1
1633707952,143.02,1
1633707953,143.02,1
1633707955,143.05,7
1633707956,143.04,1
1633707958,143.03,1
1633707967,143,5
1633707968,143.01,2
1633707969,143.01,1
1633707972,143.04,5
1633707973,143.03,1
1633707975,143.03,1
1633707980,143.03,2
1633707981,143.03,1
1633707987,143.04,2
1633707987,143.04,1
1633707989,143.07,3
1633707990,143.07,1
1633707990,143.06,1
1633707995,143.08,12
1633707996,143.08,1
1633708002,143.09,1
1633708004,143.09,8
1633708005,143.09,2
1633708005,143.09,1
1633708007,143.08,1
1633708010,143.1,1
1633708012,143.11,5
1633708016,143.1,1
1633708017,143.1,7
1633708020,143.1,2
1633708022,143.08,48
1633708022,143.08,1
1633708027,143.07,1
1633708036,143.09,2
1633708037,143.09,1
1633708040,143.1,2
1633708045,143.07,6
1633708046,143.07,4
1633708047,143.07,5
1633708048,143.07,1
1633708049,143.07,5
1633708050,143.07,1
1633708052,143.07,2
1633708052,143.07,1
1633708056,143.07,20
1633708060,143.07,1
1633708061,143.06,2
1633708067,143.07,5
1633708068,143.08,1
1633708070,143.09,5
1633708071,143.07,1
1633708074,143.07,3
1633708076,143.1,5
1633708085,143.08,1
1633708091,143.06,6
1633708092,143.06,1
1633708095,143.08,1
1633708099,143.07,5
1633708102,143.07,1
1633708103,143.07,1
1633708114,143.09,6
1633708116,143.12,2
1633708116,143.12,1
1633708117,143.13,1
1633708119,143.12,1
1633708121,143.15,1
1633708125,143.13,1
1633708132,143.11,5
1633708133,143.11,1
1633708136,143.12,2
1633708137,143.12,10
1633708137,143.12,1
1633708138,143.13,7
1633708140,143.12,2
1633708141,143.12,1
1633708141,143.13,5
1633708142,143.12,1
1633708143,143.12,6
1633708145,143.1,3
1633708147,143.1,1
1633708149,143.1,1
1633708151,143.12,1
1633708156,143.12,3
1633708157,143.12,4
1633708163,143.1,4
1633708163,143.1,1
1633708164,143.1,2
1633708164,143.1,3
1633708165,143.11,1
1633708169,143.11,1
1633708171,143.1,6
1633708171,143.1,1
1633708175,143.08,1
1633708180,143.05,2
1633708180,143.05,1
1633708188,143.07,6
1633708189,143.07,2
1633708191,143.07,6
1633708191,143.07,1
1633708192,143.07,5
1633708194,143.08,6
1633708195,143.07,1
1633708210,143.05,7
1633708210,143.05,2
1633708211,143.04,1
1633708212,143.03,1
1633708215,143.03,8
1633708216,143.03,3
1633708216,143.03,1
1633708221,143.03,2
1633708222,143.03,1
1633708224,143.03,5
1633708226,143.02,1
1633708228,143.01,1
1633708229,142.97,1
1633708230,142.97,2
1633708231,142.98,1
1633708234,142.98,4
1633708243,142.97,2
1633708246,142.99,3
1633708246,142.99,6
1633708247,142.99,1
1633708249,142.99,1
1633708251,142.99,2
1633708254,143.02,22
1633708257,142.99,1
1633708258,142.99,2
1633708260,142.97,4
1633708262,142.99,1
1633708269,142.96,3
1633708269,142.96,5
1633708270,142.96,1
1633708271,142.98,3
1633708272,142.98,7
1633708272,142.98,12
1633708275,142.98,18
1633708275,142.98,2
1633708278,142.97,6
1633708278,142.97,1
1633708279,142.97,4
1633708281,142.97,6
1633708281,142.97,1
1633708286,142.98,2
1633708287,142.98,1
1633708291,142.99,30
1633708292,142.99,19
1633708293,142.99,1
1633708295,143,1
1633708298,142.99,1
1633708300,143.01,1
1633708301,143,1
1633708304,143,3
1633708304,143,2
1633708306,143,1
1633708309,143.01,3
1633708310,143.01,2
1633708310,143.01,1
1633708317,143,2
1633708317,143,1
1633708322,143,2
1633708324,143.01,1
1633708326,143.04,5
1633708327,143.04,1
1633708329,143.06,1
1633708332,143.03,1
1633708333,143.02,6
1633708336,143.01,3
1633708337,143.02,1
1633708338,143.03,1
1633708340,143.04,10
1633708341,143.04,1
1633708343,143.04,3
1633708344,143.05,10
1633708344,143.05,2
1633708345,143.05,20
1633708347,143.04,2
1633708348,143.05,9
1633708352,143.04,2
1633708354,143.04,20
1633708355,143.02,1
1633708356,143.02,6
1633708361,143.02,1
1633708366,143.01,2
1633708367,143.01,1
1633708369,143.01,8
1633708369,143.01,2
1633708370,143.01,1
1633708372,143.01,2
1633708373,143.01,1
1633708375,143.02,10
1633708375,143.02,4
1633708376,143.04,1
1633708379,143.06,37
1633708381,143.07,1
1633708384,143.07,1
1633708389,143.07,2
1633708389,143.07,1
1633708396,143.07,1
1633708400,143.06,4
1633708401,143.06,1
1633708408,143.06,1
1633708413,143.07,1
1633708416,143.07,10
1633708418,143.07,2
1633708419,143.07,1
1633708420,143.07,50
1633708423,143.1,3
1633708423,143.1,5
1633708428,143.09,2
1633708429,143.09,1
1633708430,143.09,6
1633708436,143.07,1
1633708437,143.08,1
1633708440,143.08,1
1633708445,143.05,5
1633708446,143.05,1
1633708448,143.07,1
1633708454,143.07,6
1633708458,143.03,3
1633708459,143.03,28
1633708464,143.05,1
1633708475,143.02,2
1633708481,143.03,1
1633708484,143.04,2
1633708491,143.02,2
1633708492,143.02,1
1633708495,143.02,1
1633708496,143.02,2
1633708498,143.01,16
1633708498,143.01,1
1633708499,143,1
1633708501,143,1
1633708503,143.01,2
1633708507,143.01,2
1633708509,143.01,1
1633708509,143.01,14
1633708512,143.03,2
1633708515,143.02,2
1633708516,143.01,1
1633708519,143.01,4
1633708520,143.01,5
1633708522,143.01,1
1633708523,143.01,4
1633708524,143.01,1
1633708526,143,1
1633708529,143.01,1
1633708530,143.01,6
1633708531,143.02,1
1633708536,143.03,2
1633708536,143.03,1
1633708539,143.02,2
1633708540,143.02,1
1633708542,143.03,1
1633708544,143.02,7
1633708550,143.04,5
1633708551,143.04,1
1633708552,143.05,1
1633708552,143.05,2
1633708559,143.04,5
1633708562,143.05,7
1633708564,143.04,6
1633708564,143.04,1
1633708566,143.04,2
1633708567,143.04,3
1633708568,143.04,9
1633708570,143.04,1
1633708573,143.04,3
1633708573,143.04,1
1633708575,143.03,4
1633708577,143.02,2
1633708579,143.02,17
1633708581,143.02,1
1633708586,143.02,5
1633708592,143.02,4
1633708593,143.02,1
1633708596,143.01,1
1633708598,143.03,2
1633708598,143.03,1
1633708602,143.01,2
1633708603,143.01,7
1633708604,143.01,2
1633708605,143.01,1
1633708606,143.01,5
1633708606,143.01,1
1633708607,143.01,6
1633708611,143.01,1
1633708616,143.01,5
1633708620,143.01,1
1633708620,143.01,2
1633708621,143.01,1
1633708621,143.01,5
1633708627,142.98,2
1633708628,142.99,1
1633708629,142.98,5
1633708632,143.01,6
1633708633,143.01,1
1633708637,143.01,6
1633708637,143.01,4
1633708639,143.01,1
1633708639,143.01,5
1633708640,143.01,11
1633708648,143.01,2
1633708650,143.01,1
1633708652,143.02,5
1633708657,143.03,5
1633708660,143.03,1
1633708663,143.02,10
1633708663,143.02,1
1633708673,143,40
1633708674,143,1
1633708677,142.98,1
1633708680,142.98,4
1633708680,142.98,1
1633708683,142.99,2
1633708683,142.99,1
1633708684,142.98,2
1633708685,142.98,1
1633708691,142.99,1
1633708696,142.99,4
1633708696,142.99,2
1633708698,142.98,1
1633708698,142.98,2
1633708700,142.98,3
1633708700,142.98,1
1633708704,142.97,1
1633708706,142.97,10
1633708707,142.97,11
1633708709,142.97,1
1633708711,142.98,1
1633708714,142.96,17
1633708715,142.96,12
1633708726,142.99,5
1633708732,143,9
1633708733,143,1
1633708737,142.99,1
1633708738,142.99,2
1633708743,143.01,3
1633708744,143.01,1
1633708755,142.99,7
1633708756,142.99,1
1633708756,142.99,5
1633708758,142.99,1
1633708758,142.99,5
1633708759,142.99,1
1633708764,142.99,2
1633708766,142.99,1
1633708777,142.99,1
1633708778,142.99,3
1633708780,142.99,4
1633708780,142.99,1
1633708783,143,1
1633708785,143.01,5
1633708791,143.01,2
1633708792,143.01,1
1633708793,143.01,5
1633708795,142.99,1
1633708797,143.01,1
1633708798,143.01,2
1633708804,143,2
1633708807,143.01,1
1633708807,143.01,6
1633708807,143.01,4
1633708808,143.01,17
1633708811,143.02,3
1633708811,143.02,1
1633708812,143.02,5
1633708815,143.05,3
1633708816,143.05,1
1633708816,143.06,2
1633708817,143.05,1
1633708823,143.07,7
1633708825,143.07,5
1633708826,143.08,5
1633708826,143.08,3
1633708828,143.07,10
1633708830,143.07,17
1633708830,143.07,3
1633708834,143.05,6
1633708844,143.05,17
1633708845,143.07,3
1633708848,143.06,1
1633708850,143.05,10
1633708851,143.05,1
1633708855,143.04,4
1633708855,143.04,2
1633708858,143.04,1
1633708861,143.02,3
1633708862,143.01,2
1633708862,143.01,1
1633708867,143.01,2
1633708868,143.01,5
1633708879,143,1
1633708881,143,1
1633708883,143.02,6
1633708884,143.02,1
1633708890,143,5
1633708891,142.99,2
1633708891,142.99,5
1633708895,142.98,20
1633708897,142.97,2
1633708897,142.97,1
1633708905,142.97,20
1633708908,142.94,10
1633708917,143.01,7
1633708920,143.01,2
1633708923,143.01,10
1633708927,143.01,10
1633708931,143.01,1
1633708934,143.01,6
1633708935,143.02,1
1633708936,143.02,3
1633708937,143.02,1
1633708947,142.99,1
1633708950,142.96,17
1633708960,142.99,5
1633708961,142.99,1
1633708961,142.99,2
1633708962,142.98,1
1633708963,142.98,2
1633708965,142.99,1
1633708967,142.99,2
1633708969,142.99,5
1633708973,143.02,1
1633708974,143.01,5
1633708974,143.01,1
1633708979,143.01,2
1633708981,143.02,10
1633708982,143.03,3
1633708983,143.02,1
1633708985,143.03,1
1633708989,143.02,10
1633708996,143.04,1
1633708997,143.02,3
1633708998,143.02,2
1633708998,143.02,7
1633708999,143.02,3
1633709001,143.01,1
1633709002,143.01,10
1633709002,143.01,1
1633709003,143.01,2
1633709011,143.02,2
1633709011,143.02,1
1633709014,143.04,1
1633709015,143.04,17
1633709015,143.04,2
1633709020,143.03,1
1633709022,143.03,1
1633709034,143.08,2
1633709035,143.08,1
1633709039,143.1,17
1633709043,143.11,2
1633709044,143.12,2
1633709045,143.12,5
1633709045,143.12,1
1633709048,143.11,6
1633709048,143.11,1
1633709051,143.12,17
1633709057,143.1,1
1633709058,143.11,3
1633709062,143.1,2
1633709062,143.1,5
1633709063,143.1,3
1633709063,143.1,4
1633709064,143.1,9
1633709065,143.1,10
1633709065,143.1,3
1633709071,143.11,2
1633709072,143.11,1
1633709074,143.11,2
1633709079,143.1,7
1633709081,143.1,5
1633709087,143.1,5
1633709088,143.1,6
1633709092,143.12,1
1633709093,143.12,3
1633709094,143.12,1
1633709098,143.12,4
1633709098,143.12,2
1633709099,143.12,1
1633709100,143.12,1
1633709101,143.12,2
1633709106,143.13,3
1633709107,143.13,2
1633709107,143.13,1
1633709112,143.13,2
1633709113,143.14,1
1633709115,143.13,5
1633709116,143.13,1
1633709122,143.13,2
1633709123,143.13,6
1633709123,143.13,17
1633709124,143.13,3
1633709126,143.13,3
1633709126,143.13,1
1633709130,143.12,10
1633709132,143.12,5
1633709133,143.12,1
1633709135,143.13,3
1633709136,143.13,54
1633709137,143.14,1
1633709138,143.14,3
1633709140,143.13,2
1633709143,143.12,2
1633709144,143.12,8
1633709145,143.12,17
1633709146,143.12,1
1633709153,143.12,1
1633709154,143.12,7
1633709154,143.12,1
1633709157,143.12,6
1633709158,143.12,2
1633709158,143.12,3
1633709159,143.12,1
1633709164,143.13,1
1633709165,143.13,3
1633709169,143.13,6
1633709169,143.13,1
1633709175,143.14,3
1633709177,143.13,5
1633709178,143.13,1
1633709178,143.13,5
1633709183,143.14,1
1633709192,143.18,1
1633709193,143.18,10
1633709194,143.18,1
1633709194,143.18,2
1633709195,143.18,1
1633709198,143.17,8
1633709199,143.18,2
1633709200,143.18,5
1633709201,143.18,1
1633709202,143.17,1
1633709204,143.18,2
1633709205,143.18,1
1633709205,143.18,20
1633709212,143.17,30
1633709213,143.18,17
1633709215,143.18,3
1633709215,143.18,2
1633709217,143.18,10
1633709217,143.18,1
1633709218,143.18,3
1633709219,143.19,1
1633709222,143.19,3
1633709224,143.19,1
1633709226,143.18,1
1633709227,143.19,1
1633709229,143.18,2
1633709229,143.18,1
1633709230,143.17,5
1633709231,143.17,16
1633709242,143.18,3
1633709244,143.18,1
1633709245,143.18,5
1633709246,143.18,1
1633709247,143.18,2
1633709249,143.18,1
1633709252,143.18,2
1633709252,143.18,1
1633709254,143.18,1
1633709256,143.18,3
1633709257,143.18,1
1633709258,143.19,5
1633709259,143.19,1
1633709263,143.18,1
1633709265,143.17,6
1633709265,143.17,1
1633709266,143.17,9
1633709266,143.17,1
1633709269,143.16,35
1633709271,143.16,1
1633709272,143.16,13
1633709273,143.15,5
1633709274,143.16,2
1633709275,143.16,15
1633709281,143.16,1
1633709283,143.16,2
1633709283,143.16,1
1633709284,143.16,3
1633709289,143.16,2
1633709290,143.16,1
1633709291,143.17,1
1633709297,143.16,4
1633709299,143.16,1
1633709301,143.16,69
1633709301,143.16,3
1633709302,143.16,1
1633709304,143.16,2
1633709306,143.16,1
1633709314,143.16,4
1633709321,143.14,7
1633709322,143.14,1
1633709323,143.15,5
1633709324,143.15,1
1633709325,143.15,5
1633709331,143.15,13
1633709331,143.15,3
1633709332,143.15,1
1633709332,143.15,2
1633709333,143.15,4
1633709340,143.15,1
1633709340,143.15,13
1633709341,143.15,3
1633709342,143.15,13
1633709342,143.15,1
1633709349,143.13,2
1633709350,143.13,1
1633709351,143.14,5
1633709352,143.15,3
1633709353,143.15,5
1633709354,143.15,1
1633709356,143.14,3
1633709363,143.15,1
1633709364,143.15,4
1633709364,143.15,1
1633709367,143.15,5
1633709367,143.15,1
1633709369,143.15,2
1633709372,143.15,1
1633709372,143.15,2
1633709377,143.15,1
1633709378,143.15,5
1633709379,143.15,1
1633709379,143.15,10
1633709380,143.15,1
1633709384,143.15,5
1633709384,143.15,12
1633709387,143.15,1
1633709388,143.15,11
1633709388,143.15,1
1633709390,143.15,3
1633709390,143.15,1
1633709391,143.15,10
1633709399,143.15,3
1633709402,143.16,1
1633709405,143.16,1
1633709409,143.16,3
1633709416,143.15,1
1633709419,143.15,1
1633709420,143.15,5
1633709425,143.15,2
1633709427,143.15,1
1633709427,143.15,5
1633709428,143.15,3
1633709431,143.15,5
1633709432,143.13,4
1633709433,143.13,1
1633709436,143.12,10
1633709437,143.12,1
1633709438,143.11,3
1633709438,143.11,6
1633709440,143.1,4
1633709440,143.1,1
1633709441,143.1,3
1633709442,143.1,4
1633709443,143.1,1
1633709445,143.1,5
1633709447,143.1,1
1633709456,143.07,10
1633709458,143.07,5
1633709458,143.07,6
1633709459,143.07,3
1633709459,143.07,1
1633709460,143.07,3
1633709471,143.08,2
1633709473,143.09,2
1633709473,143.09,5
1633709474,143.09,1
1633709474,143.09,3
1633709476,143.07,2
1633709477,143.07,7
1633709490,143.09,2
1633709492,143.09,1
1633709492,143.09,2
1633709496,143.09,8
1633709497,143.09,17
1633709497,143.09,4
1633709500,143.07,1
1633709503,143.07,6
1633709505,143.07,1
1633709505,143.07,5
1633709506,143.07,1
1633709512,143.04,1
1633709513,143.04,10
1633709518,143.02,3
1633709520,143.01,17
1633709525,143,1
1633709526,143,3
1633709532,142.98,1
1633709532,142.98,3
1633709533,142.98,1
1633709534,142.98,52
1633709535,142.99,12
1633709536,142.99,2
1633709536,142.99,1
1633709537,142.99,12
1633709537,142.99,75
1633709538,142.99,10
1633709538,142.99,1
1633709545,143,2
1633709546,143,10
1633709548,143.01,1
1633709550,142.99,10
1633709551,142.98,2
1633709552,142.98,1
1633709553,142.98,15
1633709553,142.98,1
1633709556,142.99,6
1633709558,142.99,20
1633709559,142.99,3
1633709561,142.99,10
1633709562,142.99,1
1633709565,142.99,2
1633709566,142.99,1
1633709566,142.99,6
1633709567,142.99,1
1633709582,142.98,48
1633709582,142.98,2
1633709583,142.98,1
1633709586,142.98,3
1633709587,142.98,2
1633709589,142.99,1
1633709591,142.96,4
1633709592,142.96,1
1633709593,142.93,3
1633709593,142.93,1
1633709594,142.95,10
1633709595,142.95,6
1633709596,142.94,6
1633709598,142.96,1
1633709599,142.96,3
1633709600,142.95,2
1633709600,142.95,1
1633709602,142.97,3
1633709603,142.97,1
1633709609,142.99,3
1633709610,142.99,1
1633709613,143,5
1633709615,142.99,3
1633709627,142.99,2
1633709628,142.99,1
1633709628,142.99,6
1633709630,143.01,6
1633709631,143.01,1
1633709633,143,1
1633709634,143,2
1633709637,143.02,3
1633709639,143.01,3
1633709639,143.01,1
1633709642,143.02,2
1633709645,143.03,1
1633709647,143.02,2
1633709647,143.02,1
1633709649,143.03,5
1633709649,143.03,17
1633709653,143.03,20
1633709653,143.04,3
1633709658,143.04,3
1633709659,143.04,2
1633709660,143.04,1
1633709662,143.02,6
1633709663,143.02,2
1633709666,143.03,1
1633709667,143.04,1
1633709670,143.03,1
1633709672,143.02,9
1633709673,143.02,4
1633709677,143.02,1
1633709682,143.04,1
1633709684,143.04,4
1633709686,143.05,1
1633709687,143.05,7
1633709690,143.05,8
1633709691,143.05,1
1633709692,143.04,5
1633709692,143.04,1
1633709693,143.04,20
1633709693,143.04,4
1633709694,143.04,1
1633709700,143.04,3
1633709701,143.04,1
1633709705,143.04,3
1633709706,143.05,5
1633709706,143.05,6
1633709708,143.05,1
1633709712,143.05,5
1633709713,143.05,1
1633709719,143.05,2
1633709720,143.06,1
1633709725,143.06,2
1633709725,143.06,1
1633709728,143.05,4
1633709732,143.01,2
1633709733,143.01,5
1633709736,143.03,3
1633709737,143.01,1
1633709743,143.01,10
1633709744,143.01,20
1633709744,143.01,1
1633709747,142.99,5
1633709750,143.01,1
1633709750,143.01,4
1633709751,143.01,1
1633709753,143.01,2
1633709753,143.01,1
1633709755,143.01,6
1633709759,143.02,1
1633709768,143.03,1
1633709781,143.05,4
1633709781,143.05,1
1633709784,143.06,5
1633709788,143.07,1
1633709790,143.07,17
1633709798,143.05,1
1633709798,143.05,17
1633709799,143.05,5
1633709802,143.04,4
1633709803,143.04,1
1633709813,143.04,2
1633709819,143.02,5
1633709820,143.02,1
1633709821,143,3
1633709830,143,4
1633709836,143,2
1633709838,143,2
1633709840,143.01,1
1633709846,142.99,1
1633709847,142.97,1
1633709849,142.96,4
1633709849,142.96,1
1633709851,142.96,2
1633709852,142.96,1
1633709853,142.95,4
1633709855,142.96,5
1633709856,142.96,1
1633709858,142.96,6
1633709859,142.97,10
1633709860,142.97,7
1633709861,142.98,10
1633709862,142.98,6
1633709866,142.97,5
1633709869,142.96,2
1633709874,142.99,1
1633709883,142.99,1
1633709884,142.99,2
1633709884,142.99,1
1633709885,142.99,8
1633709885,142.99,4
1633709887,142.99,3
1633709888,142.99,6
1633709888,142.99,1
1633709897,142.99,1
1633709902,142.99,3
1633709903,143,4
1633709904,142.99,72
1633709905,142.99,1
1633709906,142.99,2
1633709908,143,5
1633709909,143,1
1633709910,143.01,2
1633709911,143.01,1
1633709918,143.01,2
1633709920,143.04,1
1633709921,143.04,5
1633709923,143.04,6
1633709923,143.04,1
1633709925,143.04,3
1633709925,143.04,10
1633709926,143.04,2
1633709927,143.04,1
1633709929,143.03,3
1633709930,143.03,1
1633709940,143.04,1
1633709941,143.04,3
1633709945,143.04,5
1633709948,143.05,5
1633709953,143.04,2
1633709955,143.03,2
1633709957,143.05,34
1633709959,143.04,2
1633709960,143.04,5
1633709963,143.03,5
1633709963,143.03,20
1633709965,143.03,1
1633709974,143.01,20
1633709975,143.01,1
1633709981,143.01,10
1633709982,143.01,3
1633709982,143.01,1
1633709984,143.02,2
1633709987,143.01,17
1633709987,143.01,1
1633709989,143.02,1
1633709990,143.04,4
1633709991,143.04,1
1633709993,143.05,1
1633709998,143.03,5
1633710002,143.05,2
1633710005,143.04,1
1633710009,143.04,2
1633710015,143.05,2
1633710016,143.05,1
1633710022,143.05,3
1633710023,143.07,1
1633710023,143.07,5
1633710029,143.05,1
1633710030,143.05,6
1633710031,143.05,1
1633710032,143.04,2
1633710032,143.04,1
1633710038,143.03,5
1633710039,143.03,1
1633710048,143.01,1
1633710058,143.01,6
1633710061,143.02,1
1633710064,143.01,1
1633710065,143.01,2
1633710066,143.01,1
1633710067,143,6
1633710073,143.01,3
1633710075,143.01,1
1633710080,143,17
1633710083,143.02,1
1633710083,143.02,5
1633710092,143.01,6
1633710095,143,17
1633710095,143,1
1633710098,143,45
1633710100,143.01,6
1633710107,143.01,2
1633710110,143.01,1
1633710111,143.01,5
1633710111,143.01,1
1633710115,143.01,2
1633710118,143.01,1
1633710128,142.99,10
1633710129,142.99,1
1633710129,142.99,3
1633710131,142.99,1
1633710133,143.01,2
1633710138,143.01,2
1633710139,143.01,1
1633710140,143.01,4
1633710140,143.01,1
1633710141,143.01,2
1633710141,143.01,1
1633710144,143.02,2
1633710146,143.01,3
1633710147,143,1
1633710152,142.98,1
1633710154,142.96,7
1633710156,142.96,1
1633710157,142.96,3
1633710159,142.96,1
1633710160,142.96,2
1633710164,142.95,2
1633710166,142.96,1
1633710168,142.95,2
1633710169,142.96,5
1633710170,142.96,3
1633710176,142.95,1
1633710178,142.95,2
1633710179,142.95,5
1633710180,142.96,2
1633710182,142.95,5
1633710183,142.95,1
1633710184,142.95,4
1633710189,142.95,3
1633710194,142.97,1
1633710195,142.98,1
1633710196,142.98,2
1633710199,142.99,5
1633710200,142.98,1
1633710201,142.99,1
1633710204,143.01,6
1633710208,143.01,1
1633710208,143.01,2
1633710210,143.01,1
1633710211,143.01,4
1633710214,143.01,5
1633710215,143.01,10
1633710219,143.01,5
1633710220,143.01,16
1633710235,143.03,1
1633710240,143.04,2
1633710240,143.04,1
1633710241,143.04,3
1633710251,143.02,2
1633710252,143.02,13
1633710252,143.02,2
1633710254,143.02,1
1633710255,143.01,46
1633710256,143.01,1
1633710257,143,2
1633710260,143,1
1633710277,143.01,2
1633710282,143,2
1633710286,142.99,5
1633710287,142.99,1
1633710289,142.99,6
1633710290,142.99,8
1633710292,142.99,4
1633710292,142.99,3
1633710294,142.99,1
1633710295,142.99,3
1633710300,142.99,2
1633710300,142.99,1
1633710302,142.99,10
1633710303,142.99,1
1633710304,143,1
1633710305,143,3
1633710308,143,5
1633710309,142.99,1
1633710318,142.99,2
1633710321,142.98,17
1633710322,142.98,2
1633710322,142.98,4
1633710323,142.98,6
1633710323,142.98,1
1633710324,142.98,10
1633710324,142.98,1
1633710325,142.97,1
1633710327,142.98,1
1633710331,142.98,2
1633710332,142.98,1
1633710335,142.96,1
1633710336,142.96,2
1633710337,142.96,1
1633710338,142.96,3
1633710339,142.96,5
1633710339,142.96,17
1633710341,142.95,1
1633710342,142.95,2
1633710345,142.91,1
1633710345,142.91,2
1633710346,142.91,1
1633710347,142.91,2
1633710347,142.91,1
1633710349,142.91,3
1633710350,142.91,1
1633710350,142.91,3
1633710351,142.91,10
1633710352,142.91,3
1633710356,142.9,12
1633710356,142.9,1
1633710357,142.9,3
1633710358,142.9,1
1633710358,142.9,5
1633710362,142.89,2
1633710362,142.89,1
1633710365,142.91,17
1633710367,142.91,2
1633710370,142.91,11
1633710374,142.91,3
1633710380,142.91,17
1633710382,142.91,1
1633710383,142.91,18
1633710386,142.9,1
1633710386,142.9,16
1633710387,142.89,2
1633710390,142.88,7
1633710391,142.88,1
1633710393,142.88,2
1633710394,142.88,1
1633710399,142.88,1
1633710400,142.88,5
1633710401,142.88,3
1633710407,142.88,10
1633710407,142.88,1
1633710408,142.88,3
1633710410,142.88,1
1633710413,142.88,5
1633710414,142.87,2
1633710415,142.87,1
1633710416,142.88,1
1633710420,142.88,16
1633710420,142.88,1
1633710423,142.89,3
1633710426,142.89,6
1633710428,142.9,1
1633710429,142.9,5
1633710429,142.9,3
1633710430,142.9,5
1633710432,142.9,2
1633710433,142.9,5
1633710438,142.92,2
1633710439,142.91,2
1633710439,142.91,1
1633710450,142.91,2
1633710451,142.91,1
1633710451,142.91,19
1633710455,142.91,64
1633710456,142.91,1
1633710456,142.91,26
1633710457,142.91,10
1633710458,142.91,1
1633710462,142.91,16
1633710464,142.9,5
1633710465,142.9,1
1633710468,142.9,3
1633710475,142.88,2
1633710476,142.89,1
1633710480,142.88,1
1633710486,142.88,2
1633710489,142.9,34
1633710490,142.9,1
1633710493,142.9,3
1633710493,142.9,1
1633710494,142.9,14
1633710494,142.9,1
1633710495,142.9,2
1633710498,142.9,10
1633710499,142.9,17
1633710501,142.9,1
1633710504,142.9,3
1633710504,142.9,1
1633710507,142.91,1
1633710510,142.91,1
1633710514,142.91,2
1633710515,142.91,10
1633710516,142.91,1
1633710524,142.91,3
1633710524,142.91,7
1633710530,142.91,1
1633710530,142.91,2
1633710533,142.91,1
1633710534,142.9,1
1633710541,142.92,1
1633710543,142.92,3
1633710544,142.91,1
1633710545,142.91,5
1633710546,142.91,1
1633710548,142.91,4
1633710550,142.91,1
1633710555,142.89,3
1633710557,142.88,6
1633710558,142.88,1
1633710562,142.87,3
1633710564,142.87,1
1633710567,142.87,14
1633710568,142.87,2
1633710569,142.87,1
1633710574,142.87,1
1633710577,142.87,4
1633710578,142.87,1
1633710580,142.87,1
1633710586,142.87,10
1633710590,142.85,3
1633710592,142.85,5
1633710592,142.85,1
1633710593,142.85,3
1633710593,142.85,20
1633710594,142.85,1
1633710597,142.84,3
1633710597,142.84,1
1633710599,142.86,1
1633710602,142.85,5
1633710602,142.85,1
1633710607,142.88,10
1633710609,142.85,3
1633710611,142.81,3
1633710614,142.81,5
1633710615,142.81,6
1633710619,142.83,1
1633710621,142.85,3
1633710622,142.85,1
1633710622,142.85,10
1633710623,142.85,3
1633710624,142.85,6
1633710625,142.85,1
1633710626,142.85,2
1633710629,142.89,1
1633710630,142.88,4
1633710633,142.91,2
1633710639,142.9,1
1633710643,142.9,14
1633710645,142.9,1
1633710646,142.88,7
1633710646,142.88,1
1633710648,142.88,5
1633710653,142.92,2
1633710655,142.91,1
1633710658,142.89,1
1633710660,142.9,2
1633710661,142.9,1
1633710664,142.89,1
1633710670,142.91,3
1633710671,142.91,2
1633710672,142.93,9
1633710675,142.93,1
1633710676,142.93,2
1633710682,142.93,1
1633710683,142.93,5
1633710684,142.93,1
1633710686,142.95,3
1633710691,142.95,1
1633710693,142.94,3
1633710693,142.94,1
1633710696,142.95,1
1633710697,142.95,16
1633710700,142.93,1
1633710704,142.92,5
1633710710,142.91,1
1633710711,142.89,2
1633710713,142.9,7
1633710713,142.9,1
1633710715,142.9,3
1633710723,142.88,1
1633710725,142.87,30
1633710727,142.87,1
1633710735,142.87,1
1633710736,142.87,2
1633710736,142.87,1
1633710738,142.85,6
1633710741,142.85,17
1633710743,142.84,6
1633710744,142.84,2
1633710744,142.84,1
1633710751,142.86,2
1633710751,142.86,1
1633710759,142.87,6
1633710761,142.87,5
1633710763,142.85,2
1633710764,142.85,5
1633710767,142.84,5
1633710768,142.84,1
1633710769,142.84,3
1633710771,142.84,8
1633710772,142.84,1
1633710772,142.84,6
1633710773,142.84,1
1633710774,142.84,5
1633710774,142.84,3
1633710775,142.84,1
1633710776,142.84,10
1633710777,142.84,1
1633710781,142.88,14
1633710783,142.87,1
1633710788,142.85,2
1633710789,142.85,1
1633710790,142.83,1
1633710791,142.84,3
1633710792,142.84,1
1633710795,142.84,10
1633710802,142.83,2
1633710808,142.82,2
1633710809,142.82,1
1633710812,142.82,5
1633710814,142.82,1
1633710818,142.8,1
1633710825,142.83,5
1633710826,142.83,1
1633710827,142.82,5
1633710828,142.82,1
1633710830,142.82,17
1633710832,142.85,1
1633710832,142.85,8
1633710835,142.88,10
1633710836,142.88,5
1633710836,142.88,3
1633710837,142.9,1
1633710839,142.9,2
1633710839,142.9,1
1633710841,142.9,15
1633710841,142.9,3
1633710842,142.9,1
1633710843,142.9,5
1633710844,142.89,10
1633710845,142.89,17
1633710852,142.88,1
1633710853,142.88,4
1633710856,142.88,1
1633710863,142.88,1
1633710865,142.9,17
1633710866,142.9,2
1633710867,142.9,1
1633710868,142.9,10
1633710869,142.91,5
1633710870,142.91,17
1633710872,142.91,3
1633710872,142.91,1
1633710876,142.93,58
1633710877,142.94,2
1633710878,142.94,1
1633710882,142.96,2
1633710883,142.96,1
1633710886,142.95,5
1633710887,142.95,5
1633710888,142.96,6
1633710889,142.96,1
1633710889,142.96,6
1633710891,142.96,1
1633710896,142.95,10
1633710897,142.94,17
1633710898,142.94,1
1633710899,142.94,4
1633710900,142.94,1
1633710901,142.94,12
1633710905,142.95,6
1633710905,142.95,1
1633710907,142.96,1
1633710911,142.95,60
1633710911,142.95,2
1633710914,142.97,1
1633710919,142.98,1
1633710920,142.99,1
1633710924,142.99,1
1633710925,142.99,5
1633710925,142.99,2
1633710926,142.99,1
1633710927,142.99,2
1633710929,142.99,5
1633710931,142.96,5
1633710932,142.96,1
1633710939,142.98,5
1633710941,142.97,3
1633710942,142.98,5
1633710946,142.99,3
1633710950,142.99,2
1633710951,142.98,1
1633710952,142.99,1
1633710953,142.99,3
1633710954,142.98,4
1633710955,142.98,3
1633710964,142.98,2
1633710965,142.98,1
1633710970,143,2
1633710971,143,1
1633710973,143.01,5
1633710974,143.02,5
1633710979,143.01,1
1633710983,143.01,1
1633710985,143.01,3
1633710985,143.01,4
1633710988,143,4
1633710991,143.01,2
1633710991,143.01,1
1633710995,143.01,1
1633710997,143,11
1633711003,143,1
1633711015,143,5
1633711015,143,1
1633711021,143.01,5
1633711023,143,1
1633711033,143.01,4
1633711033,143.01,3
1633711036,143.01,6
1633711036,143.01,1
1633711039,143.01,5
1633711040,143,1
1633711042,142.98,1
1633711046,143.01,1
1633711050,143.01,6
1633711051,143.01,1
1633711055,143.01,2
1633711055,143.01,5
1633711056,143.01,1
1633711059,143.02,1
1633711062,143.02,3
1633711065,143.01,5
1633711071,143.02,7
1633711074,143.02,5
1633711078,143.02,1
1633711080,143.02,6
1633711081,143.01,2
1633711089,143.02,3
1633711096,143.02,9
1633711106,143.04,1
1633711108,143.04,2
1633711109,143.04,6
1633711111,143.05,3
1633711113,143.04,2
1633711113,143.04,1
1633711115,143.05,4
1633711118,143.05,3
1633711121,143.04,8
1633711121,143.04,3
1633711122,143.04,5
1633711126,143.04,1
1633711130,143.04,11
1633711136,143.05,2
1633711139,143.05,7
1633711141,143.07,3
1633711143,143.07,2
1633711144,143.07,1
1633711147,143.09,1
1633711147,143.09,6
1633711148,143.09,1
1633711150,143.1,1
1633711153,143.1,2
1633711153,143.1,1
1633711154,143.1,3
1633711154,143.1,7
1633711157,143.13,2
1633711158,143.12,2
1633711159,143.12,1
1633711162,143.13,15
1633711163,143.13,10
1633711166,143.12,2
1633711167,143.12,1
1633711175,143.14,1
1633711176,143.13,2
1633711177,143.13,3
1633711177,143.13,2
1633711178,143.13,4
1633711180,143.13,1
1633711183,143.11,2
1633711191,143.15,1
1633711197,143.13,1
1633711198,143.13,2
1633711198,143.13,1
1633711202,143.13,2
1633711203,143.12,6
1633711203,143.12,3
1633711204,143.12,2
1633711204,143.12,1
1633711205,143.12,2
1633711205,143.12,3
1633711208,143.12,1
1633711210,143.12,12
1633711211,143.12,4
1633711213,143.12,1
1633711215,143.11,1
1633711216,143.11,2
1633711217,143.12,2
1633711221,143.13,6
1633711222,143.14,3
1633711223,143.17,1
1633711225,143.17,5
1633711226,143.17,1
1633711229,143.16,1
1633711234,143.2,1
1633711235,143.2,2
1633711237,143.19,1
1633711239,143.19,1
1633711240,143.19,2
1633711246,143.19,1
1633711250,143.2,2
1633711250,143.2,5
1633711254,143.21,1
1633711257,143.22,1
1633711262,143.2,12
1633711263,143.2,1
1633711265,143.21,10
1633711276,143.21,1
1633711279,143.21,1
1633711280,143.21,5
1633711282,143.2,1
1633711282,143.2,4
1633711283,143.2,5
1633711285,143.19,2
1633711286,143.19,1
1633711287,143.2,2
1633711288,143.2,4
1633711296,143.23,3
1633711298,143.23,3
1633711305,143.23,5
1633711306,143.23,1
1633711307,143.23,25
1633711307,143.23,3
1633711308,143.23,1
1633711309,143.22,1
1633711310,143.21,1
1633711316,143.21,2
1633711316,143.21,1
1633711316,143.21,3
1633711320,143.21,6
1633711320,143.21,1
1633711322,143.21,3
1633711334,143.2,2
1633711335,143.2,1
1633711336,143.2,8
1633711337,143.18,2
1633711340,143.16,3
1633711341,143.17,3
1633711342,143.17,1
1633711344,143.17,1
1633711344,143.17,3
1633711353,143.17,7
1633711353,143.17,2
1633711358,143.16,1
1633711360,143.15,3
1633711361,143.15,1
1633711364,143.15,2
1633711367,143.16,6
1633711369,143.15,2
1633711370,143.15,1
1633711373,143.16,5
1633711373,143.16,2
1633711374,143.16,1
1633711376,143.17,2
1633711380,143.14,3
1633711382,143.13,1
1633711384,143.13,2
1633711386,143.13,2
1633711387,143.13,5
1633711388,143.13,1
1633711390,143.15,1
1633711391,143.15,3
1633711391,143.15,1
1633711399,143.13,2
1633711400,143.13,1
1633711401,143.13,3
1633711401,143.13,10
1633711402,143.13,1
1633711403,143.12,12
1633711404,143.12,2
1633711404,143.12,1
1633711416,143.13,6
1633711420,143.12,1
1633711420,143.12,3
1633711421,143.12,1
1633711431,143.12,9
1633711432,143.12,1
1633711437,143.13,3
1633711438,143.13,1
1633711440,143.14,3
1633711441,143.14,8
1633711442,143.14,1
1633711442,143.14,20
1633711444,143.14,1
1633711449,143.15,3
1633711450,143.15,1
1633711450,143.15,28
1633711452,143.14,2
1633711452,143.14,1
1633711457,143.13,1
1633711458,143.13,5
1633711458,143.13,1
1633711460,143.12,3
1633711461,143.14,20
1633711464,143.13,5
1633711465,143.13,2
1633711467,143.13,1
1633711473,143.15,4
1633711474,143.15,1
1633711474,143.15,25
1633711484,143.13,17
1633711485,143.13,1
1633711486,143.13,3
1633711487,143.13,1
1633711490,143.13,5
1633711490,143.13,2
1633711501,143.12,2
1633711502,143.12,3
1633711502,143.12,2
1633711504,143.12,1
1633711509,143.1,4
1633711510,143.1,1
1633711511,143.1,10
1633711511,143.1,3
1633711513,143.1,3
1633711517,143.09,1
1633711517,143.09,4
1633711518,143.09,20
1633711519,143.09,1
1633711519,143.09,3
1633711520,143.09,10
1633711521,143.1,1
1633711527,143.1,4
1633711528,143.1,1
1633711531,143.09,3
1633711533,143.1,1
1633711534,143.1,10
1633711535,143.1,2
1633711535,143.1,1
1633711537,143.1,2
1633711539,143.1,4
1633711541,143.1,1
1633711541,143.1,6
1633711542,143.1,12
1633711542,143.1,1
1633711548,143.11,1
1633711557,143.1,4
1633711560,143.1,1
1633711563,143.1,5
1633711563,143.1,2
1633711565,143.09,6
