T,p,q
1633699804,795.43,3
1633699805,795.43,2
1633699805,794.98,1
1633699807,794.62,1
1633699811,794.73,1
1633699816,794.92,1
1633699839,794.24,2
1633699842,795.12,1
1633699848,794.26,1
1633699871,794.41,10
1633699875,795,2
1633699894,795,2
1633699898,795,4
1633699904,793.86,1
1633699907,793.96,9
1633699907,793.96,9
1633699908,794.29,9
1633699911,794.67,7
1633699911,794.67,7
1633699915,794.78,5
1633699915,794.78,1
1633699926,794.07,1
1633699927,794.34,1
1633699949,794.28,1
1633699966,794,3
1633699975,793,1
1633699976,793,3
1633699987,793.5,2
1633699991,793.76,1
1633699996,793.52,1
1633700011,793.7,2
1633700014,793.88,1
1633700017,793.97,7
1633700031,793.49,78
1633700042,792.9,1
1633700053,791.3,3
1633700066,791.22,1
1633700070,790.97,2
1633700077,791.46,7
1633700085,791.94,3
1633700092,791.06,2
1633700124,790.76,2
1633700138,791.09,2
1633700141,790.9,1
1633700147,790.89,1
1633700158,789.75,5
1633700178,789.12,15
1633700181,789.21,5
1633700183,789.15,1
1633700188,789.65,15
1633700196,789.14,2
1633700204,788.33,1
1633700210,788.49,4
1633700221,788.01,1
1633700224,788.85,13
1633700224,788.85,13
1633700227,788.51,2
1633700237,788.27,1
1633700247,787.62,4
1633700264,787.32,5
1633700266,787.2,1
1633700268,787.03,5
1633700269,786.99,1
1633700273,786.87,1
1633700274,786.81,4
1633700278,786.74,5
1633700282,786.99,10
1633700284,786.96,1
1633700307,787.64,18
1633700318,787.57,10
1633700319,787.33,3
1633700357,787.38,1
1633700357,787.04,6
1633700359,787,1
1633700361,787.4,3
1633700364,786.89,1
1633700364,786.89,1
1633700371,787.21,1
1633700393,787.57,1
1633700409,787.6,3
1633700428,788.81,1
1633700435,788.63,1
1633700441,788.68,2
1633700441,788.49,1
1633700467,788,1
1633700495,787.6,2
1633700500,787.6,1
1633700500,787.6,1
1633700515,788.38,3
1633700531,788.27,1
1633700538,787.7,5
1633700541,787.84,1
1633700549,787.47,1
1633700572,787.75,2
1633700574,787.41,1
1633700591,787.2,1
1633700594,787.16,1
1633700594,787.16,1
1633700599,787.06,2
1633700599,787.06,1
1633700607,787.02,2
1633700642,787.7,1
1633700644,787,2
1633700648,786.99,2
1633700654,786.04,1
1633700658,786.09,3
1633700662,785.75,6
1633700663,785.9,1
1633700667,785.99,1
1633700668,785.92,4
1633700696,785.77,9
1633700697,785.77,1
1633700700,785.82,3
1633700704,786.07,20
1633700759,786.02,2
1633700759,786.12,1
1633700762,786.42,1
1633700771,785.75,2
1633700778,785.5,1
1633700850,785.78,4
1633700870,785.39,1
1633700870,785.39,2
1633700876,785.75,2
1633700890,784.65,1
1633700892,784.5,1
1633700901,785,2
1633700902,785,1
1633700902,784.88,1
1633700914,784.88,1
1633700916,784.72,50
1633700924,784.8,5
1633700943,784.89,1
1633700949,785.11,3
1633700951,784.99,1
1633700953,785.13,2
1633700963,785.4,1
1633700974,785.6,1
1633700978,786,2
1633700978,785.85,1
1633700982,786,2
1633700982,785.89,1
1633700993,786.5,1
1633700995,786.65,1
1633701005,786.72,2
1633701006,786.84,1
1633701014,786.24,10
1633701028,785.85,2
1633701049,786,1
1633701058,785.68,2
1633701074,786.54,2
1633701096,786.95,1
1633701101,787,1
1633701114,787.02,1
1633701159,785.85,1
1633701161,785.86,1
1633701168,785.74,2
1633701171,785.71,2
1633701179,785.72,1
1633701181,785.94,1
1633701193,785.56,6
1633701216,784.76,20
1633701220,784.65,2
1633701243,784.75,1
1633701254,784.67,2
1633701259,785.16,1
1633701273,785.21,7
1633701291,785.31,3
1633701308,786,2
1633701308,786,1
1633701317,786.07,1
1633701331,785.22,2
1633701338,785.29,2
1633701345,785,1
1633701349,785.1,1
1633701367,784.76,1
1633701368,784.64,1
1633701368,784.6,3
1633701369,784.6,2
1633701370,784.5,2
1633701374,784.31,1
1633701379,784.24,5
1633701383,783.77,1
1633701397,784.27,5
1633701397,784.27,1
1633701399,784.2,1
1633701450,785,1
1633701453,785.03,3
1633701460,784.59,1
1633701461,784.73,1
1633701466,784.57,2
1633701515,784.49,2
1633701524,784.42,1
1633701546,784.69,2
1633701548,784.69,27
1633701553,784.53,1
1633701556,784.28,1
1633701562,784.16,1
1633701565,784.23,1
1633701588,783.78,1
1633701589,783.78,2
1633701598,783.45,1
1633701613,782.89,3
1633701613,783.09,1
1633701617,783.36,3
1633701618,783.36,2
1633701643,784.74,2
1633701665,785,7
1633701668,785,2
1633701674,785.35,3
1633701678,785.73,1
1633701681,785.7,1
1633701748,785.53,1
1633701754,785.87,5
1633701769,785.99,4
1633701770,785.91,10
1633701773,785.84,2
1633701774,785.8,1
1633701779,785.5,3
1633701783,785.52,2
1633701815,785.25,8
1633701819,785,1
1633701829,785.01,1
1633701838,785.07,5
1633701850,785.03,1
1633701853,785.07,1
1633701864,785.23,2
1633701867,785.35,6
1633701868,785.49,1
1633701904,785.39,1
1633701908,785.64,3
1633701912,785.41,1
1633701915,785.19,1
1633701919,784.94,2
1633701920,784.94,1
1633701926,784.82,5
1633701935,784.89,6
1633701936,784.84,5
1633701945,785.32,4
1633701949,785.06,2
1633701960,785,1
1633702019,784.71,2
1633702025,784.49,5
1633702047,784.54,2
1633702049,784.51,1
1633702066,784.5,1
1633702112,784.6,2
1633702145,785.12,1
1633702151,785.76,1
1633702181,785.37,6
1633702183,785.41,1
1633702209,785.5,3
1633702211,785.58,3
1633702211,785.58,2
1633702213,785.58,1
1633702214,785.57,2
1633702231,785.63,1
1633702255,785.55,1
1633702287,785.62,1
1633702292,785.75,2
1633702297,785.52,3
1633702298,785.51,1
1633702299,785.56,1
1633702312,785.42,2
1633702348,785.03,3
1633702348,785.03,4
1633702355,784.7,2
1633702363,785.26,1
1633702369,785.19,2
1633702369,785.18,1
1633702384,785.54,10
1633702391,785.71,1
1633702402,785.26,1
1633702410,785.56,8
1633702413,785.68,4
1633702419,786.67,1
1633702420,786.77,3
1633702425,786.89,10
1633702425,786.89,2
1633702440,786.93,2
1633702445,787,1
1633702451,787,3
1633702453,787,3
1633702453,787.07,1
1633702461,787.09,1
1633702462,786.98,2
1633702479,787.7,1
1633702490,787.66,1
1633702490,787.66,2
1633702492,787.88,19
1633702495,787.99,2
1633702495,787.9,1
1633702498,787.89,1
1633702521,787.52,1
1633702525,787.37,15
1633702534,787.7,3
1633702549,788.35,10
1633702562,787.77,1
1633702565,787.75,1
1633702572,787.58,1
1633702575,787.59,1
1633702577,787.6,4
1633702578,787.53,10
1633702583,787.58,1
1633702599,787.53,1
1633702610,787.23,2
1633702615,786.96,1
1633702615,786.96,1
1633702621,787,2
1633702624,787.17,1
1633702627,787.17,2
1633702633,786.95,1
1633702633,786.95,1
1633702660,787.76,2
1633702667,787.77,2
1633702668,787.73,2
1633702675,787.63,1
1633702688,787.98,1
1633702708,787.82,1
1633702714,787.73,3
1633702714,787.73,3
1633702737,787.62,2
1633702739,787.74,4
1633702741,787.64,2
1633702745,787.8,1
1633702747,787.44,3
1633702754,786.62,1
1633702759,786.67,10
1633702802,786.58,2
1633702848,787.17,7
1633702865,786.61,1
1633702869,786.68,15
1633702870,786.59,1
1633702874,786.79,1
1633702889,786.59,5
1633702891,786.59,1
1633702911,786.87,3
1633702917,786.88,2
1633702917,786.88,2
1633702920,786.96,1
1633703007,787.32,2
1633703013,787.15,1
1633703018,787.14,1
1633703020,787,1
1633703044,786.53,1
1633703058,786.57,1
1633703084,786.52,1
1633703087,786.35,2
1633703101,786.54,2
1633703106,786.29,3
1633703113,786.28,3
1633703113,786.28,3
1633703118,786.25,1
1633703126,786.3,1
1633703132,786.3,2
1633703133,786.27,1
1633703146,786.06,11
1633703147,786.06,1
1633703166,786.13,1
1633703178,786.5,14
1633703190,786.34,1
1633703191,786.52,5
1633703192,786.52,3
1633703197,786.26,1
1633703211,786.6,1
1633703215,786.51,2
1633703225,786.61,3
1633703232,786.71,3
1633703262,786.63,1
1633703283,786.67,1
1633703297,787.05,1
1633703304,787.22,1
1633703332,787.37,2
1633703364,787.46,1
1633703376,787.98,1
1633703378,788.05,9
1633703389,787.85,7
1633703396,787.7,1
1633703398,787.62,2
1633703400,787.6,1
1633703412,788.06,1
1633703462,788.68,30
1633703463,788.77,8
1633703479,789.22,2
1633703487,789.17,1
1633703487,789.2,11
1633703489,789.08,3
1633703508,789.24,1
1633703511,789.11,1
1633703512,789.14,1
1633703524,789.1,3
1633703539,789.09,5
1633703541,789.02,1
1633703557,789.1,2
1633703559,789.09,1
1633703562,789.01,2
1633703564,789.01,1
1633703575,788.84,3
1633703584,788.98,1
1633703602,789.17,1
1633703631,788.46,2
1633703645,788.3,1
1633703645,788.3,1
1633703646,788.3,4
1633703654,788.19,3
1633703656,788.19,1
1633703675,788.3,2
1633703696,788.15,1
1633703742,788.79,4
1633703753,788.9,7
1633703755,788.84,2
1633703771,788.83,2
1633703789,788.84,2
1633703817,789.11,5
1633703836,789.2,1
1633703839,789.13,5
1633703858,788.9,9
1633703862,788.84,1
1633703862,788.77,1
1633703863,788.43,3
1633703868,788.62,1
1633703885,788.4,19
1633703895,788.79,1
1633703897,788.85,11
1633703897,788.85,11
1633703944,788.6,1
1633703978,788.5,5
1633703993,787.7,1
1633704000,788.06,2
1633704014,788.1,1
1633704018,788.12,2
1633704033,787.88,1
1633704038,787.7,3
1633704042,787.73,1
1633704049,787.13,5
1633704060,786.49,1
1633704062,786.58,15
1633704063,786.71,8
1633704065,786.74,1
1633704068,786.62,4
1633704068,786.62,4
1633704077,785.93,2
1633704079,785.91,3
1633704089,786.29,3
1633704100,786.36,1
1633704103,786.06,10
1633704115,785.84,5
1633704115,785.84,1
1633704146,784.99,1
1633704152,784.8,2
1633704157,785,10
1633704160,785,1
1633704163,784.83,2
1633704168,784.64,2
1633704184,784.43,1
1633704198,784,1
1633704203,784.02,6
1633704206,783.91,1
1633704208,783.93,1
1633704209,783.94,2
1633704230,783.43,2
1633704244,783.5,8
1633704250,783.8,1
1633704251,783.92,1
1633704253,783.93,1
1633704262,783.92,1
1633704270,783.86,5
1633704273,783.82,5
1633704277,783.91,1
1633704289,783.8,1
1633704317,784.34,10
1633704322,784.22,1
1633704323,784.31,2
1633704359,784.22,7
1633704361,784.08,4
1633704385,783.94,1
1633704389,783.82,5
1633704398,783.97,1
1633704399,783.87,1
1633704408,783.79,2
1633704413,783.94,2
1633704427,784.2,2
1633704428,784.11,3
1633704434,784.05,1
1633704444,784.04,3
1633704455,784.19,1
1633704460,783.95,2
1633704462,783.9,1
1633704463,783.9,4
1633704469,783.86,2
1633704474,783.9,1
1633704510,783.85,1
1633704512,783.94,1
1633704525,784.2,1
1633704546,783.71,3
1633704550,783.7,1
1633704554,783.68,3
1633704557,783.51,1
1633704586,782.75,1
1633704592,782.8,12
1633704604,782.9,2
1633704619,782.79,10
1633704634,783.37,1
1633704638,783.25,1
1633704674,783,9
1633704675,783,1
1633704692,783.16,3
1633704697,783.28,2
1633704740,784.33,1
1633704755,784.23,1
1633704778,784.33,8
1633704779,784.33,1
1633704788,783.89,1
1633704788,783.89,1
1633704800,784.05,2
1633704802,784.05,1
1633704842,784.06,1
1633704879,784.6,2
1633704882,784.6,1
1633704882,784.6,2
1633704893,784.81,1
1633704923,784.31,3
1633704928,784.69,1
1633704936,784.5,3
1633705002,784.44,1
1633705002,784.44,10
1633705009,784.3,2
1633705034,784.16,2
1633705045,783.99,10
1633705139,784,1
1633705141,783.95,2
1633705166,783.82,5
1633705189,784.06,1
1633705189,784.06,1
1633705206,784.13,1
1633705208,784.04,1
1633705216,783.79,1
1633705227,783.71,1
1633705232,783.67,1
1633705235,783.52,2
1633705236,783.36,1
1633705239,783.16,2
1633705260,783.15,1
1633705267,783.11,7
1633705273,782.92,1
1633705288,783.36,2
1633705296,783.41,1
1633705313,783.53,10
1633705355,783.56,1
1633705387,783.96,2
1633705404,783.7,2
1633705405,783.71,1
1633705447,783.38,10
1633705454,783.25,1
1633705472,783.07,1
1633705497,783.23,4
1633705505,782.81,1
1633705506,782.9,11
1633705528,783.3,1
1633705547,783.49,4
1633705570,783.78,2
1633705602,784.59,13
1633705602,784.59,13
1633705609,784.3,2
1633705609,784.28,1
1633705620,784.18,10
1633705627,784.35,1
1633705641,784.45,2
1633705642,784.45,1
1633705648,784.67,1
1633705654,784.42,10
1633705654,784.48,1
1633705673,784.33,3
1633705730,784.24,1
1633705746,784.35,1
1633705748,784.43,1
1633705752,784.89,4
1633705755,784.79,1
1633705767,784.89,1
1633705785,784.78,3
1633705786,784.78,1
1633705793,784.72,6
1633705843,784.75,3
1633705859,784.85,4
1633705870,784.95,2
1633705879,785,5
1633705885,784.88,1
1633705893,784.88,7
1633705906,785.12,1
1633705908,785.17,1
1633705910,785.26,2
1633705924,785.61,9
1633705925,785.56,1
1633705927,785.7,2
1633705944,785.61,3
1633705951,785.72,1
1633705969,785.57,2
1633705993,785.52,2
1633706022,785.35,1
1633706023,785.4,1
1633706046,785.53,1
1633706065,785.62,1
1633706066,785.61,2
1633706080,785.86,1
1633706113,785.37,1
1633706114,785.37,2
1633706115,785.3,1
1633706143,785.84,4
1633706162,786.56,4
1633706163,786.46,1
1633706181,786.52,2
1633706187,786.67,2
1633706192,786.72,2
1633706197,786.93,1
1633706203,786.8,10
1633706212,787,1
1633706215,786.99,1
1633706217,786.92,1
1633706229,786.89,2
1633706236,786.88,1
1633706238,786.8,1
1633706271,786.93,1
1633706276,786.59,10
1633706276,786.59,2
1633706295,786.87,2
1633706301,786.68,2
1633706319,786.86,1
1633706335,787.04,1
1633706355,787.05,1
1633706361,787.16,1
1633706371,786.86,3
1633706372,786.86,1
1633706377,787.02,5
1633706379,786.91,1
1633706395,785.91,2
1633706397,785.86,2
1633706397,785.86,1
1633706400,785.85,5
1633706401,785.85,1
1633706406,785.86,1
1633706408,785.86,2
1633706409,785.86,1
1633706412,785.86,2
1633706421,785.85,5
1633706432,785.78,1
1633706453,785.52,3
1633706462,784.57,2
1633706464,784.42,1
1633706471,784.16,2
1633706472,784.16,1
1633706472,784.16,4
1633706484,784.5,2
1633706537,785.29,1
1633706564,785.33,1
1633706586,785.19,1
1633706601,785.29,1
1633706613,785.43,1
1633706668,785.02,1
1633706695,784.78,5
1633706718,784.1,1
1633706737,784.06,1
1633706738,784.15,1
1633706747,784.01,1
1633706813,785.08,1
1633706822,785.28,4
1633706856,785.74,3
1633706882,785.54,4
1633706882,785.54,4
1633706970,785.44,1
1633706978,785.42,1
1633707043,785.5,5
1633707045,785.3,2
1633707073,785.43,1
1633707091,785.37,1
1633707109,785.14,1
1633707117,785.47,2
1633707120,785.49,1
1633707123,785.59,1
1633707157,785.61,3
1633707158,785.61,4
1633707169,785.75,1
1633707180,785.66,1
1633707221,785.31,1
1633707223,785.08,5
1633707228,785.05,1
1633707310,784.73,2
1633707313,784.7,2
1633707316,784.57,1
1633707337,784.4,5
1633707344,784.2,1
1633707354,784.55,1
1633707357,784.39,1
1633707366,783.79,1
1633707375,783.82,5
1633707396,784.34,2
1633707413,784.35,6
1633707416,784.34,10
1633707418,784.25,1
1633707422,784.36,3
1633707430,784.27,1
1633707445,784.27,1
1633707445,784.27,1
1633707453,784.38,3
1633707549,784.89,1
1633707549,784.89,1
1633707559,784.69,1
1633707580,784.78,1
1633707590,784.86,1
1633707594,784.77,1
1633707614,784.54,1
1633707614,784.38,1
1633707626,784.36,2
1633707627,784.36,1
1633707632,784.55,1
1633707653,784.74,1
1633707661,784.58,1
1633707665,784.64,1
1633707672,784.41,2
1633707676,784.51,3
1633707735,784.48,2
1633707794,784.53,1
1633707795,784.51,1
1633707796,784.48,1
1633707818,784.15,1
1633707829,784.1,1
1633707860,783.78,1
1633707862,783.71,1
1633707869,783.46,4
1633707870,783.46,1
1633707871,783.48,1
1633707900,783.84,1
1633707912,783.77,1
1633707932,784.49,1
1633707948,784.09,1
1633707962,783.87,3
1633707974,784.09,1
1633707984,784.29,1
1633707989,784.18,1
1633707999,784.24,1
1633708005,784.48,1
1633708037,784.42,1
1633708046,784.58,1
1633708085,784.33,1
1633708088,784.11,1
1633708109,784.14,1
1633708162,784.2,1
1633708220,784.03,4
1633708221,784.03,5
1633708266,783.75,4
1633708266,783.7,1
1633708290,783.96,5
1633708290,783.96,1
1633708307,784.23,1
1633708331,784.43,3
1633708336,784.28,3
1633708337,784.28,1
1633708340,784.4,2
1633708342,784.41,1
1633708345,784.3,1
1633708384,784.43,5
1633708400,784.32,2
1633708473,783.69,1
1633708518,783.22,1
1633708571,783.5,3
1633708647,782.82,1
1633708671,782.8,7
1633708678,782.67,2
1633708685,782.5,5
1633708688,782.58,5
1633708754,782.8,1
1633708763,782.58,3
1633708887,782.58,1
1633708889,782.58,2
1633708903,782.09,1
1633708908,781.91,4
1633708947,782.46,1
1633708971,782.13,1
1633708985,782.43,1
1633708988,782.3,2
1633709045,783.35,5
1633709072,783.69,1
1633709078,783.56,1
1633709111,783.6,1
1633709136,783.86,9
1633709331,784.9,9
1633709339,784.72,3
1633709353,784.62,2
1633709354,784.62,10
1633709363,784.62,1
1633709383,784.79,20
1633709412,784.6,2
1633709422,784.71,1
1633709466,784.63,1
1633709536,784.12,2
1633709561,785.12,5
1633709594,786.12,1
1633709597,786.33,3
1633709606,786.5,6
1633709614,786.52,1
1633709633,786.66,2
1633709668,786.82,2
1633709683,786.52,1
1633709707,786.53,5
1633709732,786.12,1
1633709805,787.23,1
1633709817,787.39,2
1633709821,787.39,2
1633709831,787.44,1
1633709838,787.46,4
1633709850,787.44,3
1633709863,788.11,1
1633709871,788.21,5
1633709875,788.42,1
1633709884,788.87,2
1633709891,788.88,3
1633709898,788.93,2
1633709902,789.23,3
1633709903,789.23,5
1633709904,789.23,1
1633709906,789.3,1
1633709915,789.5,1
1633709922,789.39,2
1633709935,789.19,1
1633709946,789.13,10
1633709954,789.13,1
1633709954,789.13,2
1633709984,788.4,2
1633709999,788,1
1633710000,788.1,1
1633710001,788.18,2
1633710039,787.47,1
1633710041,787.39,10
1633710049,787.13,5
1633710075,787.46,6
1633710081,787.43,20
1633710102,787,5
1633710108,786.81,1
1633710111,786.68,6
1633710112,786.68,1
1633710117,786.81,3
1633710133,787.04,1
1633710162,786.68,1
1633710197,786.75,3
1633710204,786.86,2
1633710206,786.86,5
1633710227,787.23,3
1633710259,787,4
1633710260,787.14,1
1633710338,786.14,3
1633710343,786.06,1
1633710399,785.64,23
1633710414,785.61,1
1633710433,785.68,1
1633710450,785.63,4
1633710469,785.51,1
1633710493,785.77,4
1633710553,785.48,3
1633710553,785.48,1
1633710584,785.58,2
1633710612,785.72,1
1633710641,786.21,1
1633710655,786.54,5
1633710691,786.43,1
1633710738,785.7,3
1633710742,785.7,1
1633710837,786,3
1633710841,786.1,1
1633710841,786.1,3
1633710880,786.51,3
1633710882,786.59,2
1633710883,786.59,1
1633710888,786.5,1
1633710922,786.16,1
1633710989,785.85,9
1633711035,786.09,1
1633711055,786.15,1
1633711107,786,10
1633711112,786.34,1
1633711147,786.94,1
1633711150,787.1,5
1633711220,786.99,23
1633711241,787.4,1
1633711250,787.86,1
1633711270,788.18,1
1633711277,788.16,5
1633711287,788.01,5
1633711315,787.61,2
1633711363,788.2,2
1633711384,787.93,1
1633711385,787.93,3
1633711412,787.77,1
1633711447,788.05,4
1633711514,787.8,1
1633711540,787.76,1
1633711571,787.67,1
1633711611,787.03,1
1633711833,786.87,3
1633711841,786.86,1
1633711867,786.88,1
1633711900,787.5,1
1633711945,787.24,10
1633711988,786.96,3
1633712057,787,2
1633712102,787,1
1633712226,786.33,1
1633712272,786.21,7
1633712274,786.21,3
1633712290,785.71,10
1633712325,785.56,5
1633712326,785.56,1
1633712354,785.8,3
1633712357,785.67,1
1633712381,785.62,3
1633712460,785.9,1
1633712468,786.16,1
1633712482,786.13,4
1633712501,786.09,1
1633712581,786.53,2
1633712589,786.53,1
1633712620,786.4,3
1633712988,785.84,1
1633713016,785.53,1
1633713048,785.78,6
1633713090,786.15,3
1633713156,786.33,1
1633713159,786.4,1
1633713199,786.58,2
1633713216,786.79,2
1633713246,786.67,3
1633713285,786.7,5
1633713291,786.7,1
1633713310,786.24,3
1633713346,785.62,2
1633713377,784.29,5
1633713394,784.32,1
1633713427,784.54,1
1633713474,784.4,2
1633713509,784.7,11
1633713570,784.78,1
1633713574,784.77,4
1633713583,784.5,1
1633713674,784.78,1
1633713717,784.73,2
1633713766,784.78,1
1633713831,784.3,7
1633713865,784.09,3
1633714033,784.28,3
1633714047,784.05,3
1633714186,784.72,27
1633714325,784.5,9
1633714358,784.5,9
1633714384,784.66,3
1633714455,784.97,2
1633714475,785,1
1633714556,785.22,1
1633714602,784.58,3
1633714633,784.56,2
1633714660,784.45,5
1633714700,784.66,3
1633714803,784.78,2
1633714867,785.26,1
1633714899,785.06,8
1633714940,784.77,5
1633714986,784.43,2
1633715065,784.95,5
1633715201,785.2,2
1633715211,785.2,1
1633715223,785.72,27
1633715242,786,2
1633715264,786.6,14
1633715272,786.38,4
1633715278,786.53,4
1633715285,786.21,3
1633715332,785.9,2
1633715378,785.7,2
1633715381,785.69,3
1633715383,785.7,1
1633715415,785.56,1
1633715512,785.4,2
1633715515,785.38,1
1633715589,785.64,1
1633715637,785.54,1
1633715676,785.59,2
1633715681,785.62,2
1633715780,786.33,1
1633715830,786.06,3
1633715855,786.1,3
1633715881,786.07,2
1633715921,786.07,1
1633715933,785.99,10
1633715940,785.95,3
1633715951,786.02,2
1633715972,786.2,1
1633716004,786.5,1
1633716052,786.74,2
1633716061,787,1
1633716069,787.2,3
1633716131,786.63,1
1633716138,786.59,1
1633716218,785.78,10
1633716221,785.84,1
1633716225,785.83,5
1633716241,785.92,1
1633716257,786.42,10
1633716260,786.37,1
1633716281,786.24,1
1633716289,786.49,1
1633716291,786.43,4
1633716295,786.4,1
1633716340,786.86,1
1633716347,786.85,1
1633716351,786.8,1
1633716367,787,10
1633716388,787,1
1633716419,786.55,5
1633716428,786.69,5
1633716438,786.58,8
1633716485,786.29,2
1633716520,786.25,2
1633716527,786.1,1
1633716532,785.95,5
1633716541,786.26,10
1633716550,786.33,12
1633716591,785.84,5
1633716591,785.83,1
1633716603,785.67,1
1633716604,785.66,9
1633716609,785.45,1
1633716629,785.31,2
1633716631,785.23,1
1633716631,785.3,2
1633716632,785.3,5
1633716645,785.29,1
1633716656,785.25,1
1633716669,785.33,3
1633716675,785.52,2
1633716680,785.72,2
1633716680,785.72,2
1633716690,785.54,1
1633716692,785.52,1
1633716713,785.6,1
1633716726,785.65,1
1633716752,786.04,3
1633716757,786.09,2
1633716757,786.09,2
1633716772,785.92,4
1633716804,785.5,4
1633716809,785.38,1
1633716853,785.5,5
1633716912,785.4,3
1633716916,785.29,1
1633716928,785.2,1
1633716965,785.3,9
1633716989,785.15,5
1633716989,785.15,3
1633716991,785.07,1
1633717035,785.58,4
1633717068,785.38,18
1633717074,785.4,1
1633717078,785.53,2
1633717118,785.8,3
1633717125,785.97,3
1633717157,785.98,3
1633717194,785.75,3
1633717195,785.75,2
1633717196,785.75,1
1633717203,785.83,2
1633717311,785.53,1
1633717358,785.73,5
1633717393,785.82,2
1633717393,785.75,1
1633717454,785.78,3
1633717486,786.03,2
1633717495,786,2
1633717496,786,1
1633717503,785.94,1
1633717508,786.08,1
1633717530,786.17,1
1633717533,785.91,2
1633717565,786.19,1
1633717605,786.17,1
1633717608,785.9,1
1633717628,785.82,2
1633717642,786.19,3
1633717657,786.18,5
1633717678,786.6,1
1633717694,786.91,2
1633717697,786.91,1
1633717697,786.91,1
1633717707,786.83,2
1633717710,786.76,7
1633717779,786.42,1
1633717802,786.61,2
1633717803,786.55,1
1633717807,786.38,20
1633717844,786.67,1
1633717848,786.83,1
1633717852,786.68,5
1633717861,786.78,1
1633717914,786.74,1
1633717931,786.57,5
1633717956,786.77,1
1633717979,787,4
1633717980,787.03,1
1633718005,787.52,8
1633718009,787.59,10
1633718012,787.54,1
1633718037,787.58,7
1633718037,787.58,7
1633718046,787.45,2
1633718053,787.5,9
1633718057,787.46,3
1633718080,787.44,1
1633718103,787.27,1
1633718108,787.35,1
1633718115,787.28,1
1633718117,787.17,1
1633718130,787.17,1
1633718155,786.97,1
1633718168,786.88,5
1633718176,786.63,1
1633718182,786.63,2
1633718183,786.63,1
1633718190,786.48,2
1633718195,786.16,1
1633718197,786.47,1
1633718198,786.37,3
1633718205,786.33,1
1633718209,786.26,2
1633718214,786.44,2
1633718232,786.21,2
1633718235,786.27,2
1633718308,787.46,1
1633718308,787.46,1
1633718319,787.61,1
1633718323,787.25,1
1633718334,787.17,2
1633718342,786.99,1
1633718354,786.95,3
1633718358,787,1
1633718359,787.12,4
1633718362,787.06,2
1633718382,787,4
1633718406,787.1,1
1633718410,787.24,7
1633718453,786.96,2
1633718483,787.33,2
1633718495,787.58,3
1633718523,787.95,2
1633718524,788,1
1633718540,787.9,5
1633718542,787.9,1
1633718576,787.91,3
1633718606,788.12,1
1633718612,788.17,1
1633718617,788.05,1
1633718620,788.22,1
1633718631,787.9,1
1633718631,787.9,1
1633718633,787.95,2
1633718645,788,1
1633718677,788,5
1633718678,788.06,1
1633718684,788.04,1
1633718693,787.99,1
1633718696,788,4
1633718696,788,1
1633718708,788.08,4
1633718718,787.92,1
1633718722,788.07,1
1633718724,788.05,3
1633718748,788.01,1
1633718754,787.95,2
1633718766,788.2,5
1633718769,788.27,2
1633718774,788.1,1
1633718774,788.1,1
1633718778,788.09,1
1633718810,788.04,1
1633718821,787.97,2
1633718834,787.8,2
1633718836,787.9,2
1633718840,787.92,2
1633718846,787.9,8
1633718864,787.55,2
1633718864,787.55,2
1633718864,787.55,1
1633718867,787.34,2
1633718886,787.53,1
1633718889,787.6,1
1633718906,787.78,1
1633718926,787.89,1
1633718936,788.21,1
1633718984,787.97,2
1633719031,788.15,8
1633719093,788.25,1
1633719094,788.21,1
1633719101,788.37,2
1633719103,788.3,15
1633719108,788.24,5
1633719118,788.22,5
1633719162,788.24,1
1633719162,788.26,1
1633719171,788.36,15
1633719171,788.45,1
1633719177,788.5,2
1633719181,788.5,1
1633719187,788.46,1
1633719203,788.48,1
1633719217,788.47,3
1633719247,788.4,4
1633719261,787.96,4
1633719261,788.06,1
1633719262,788.12,1
1633719305,787.75,1
1633719314,788,1
1633719394,788.03,8
1633719398,788.1,2
1633719404,788.11,1
1633719407,788,14
1633719567,787.68,5
1633719754,787.27,1
1633719766,786.68,1
1633719769,786.67,5
1633719769,786.67,1
1633719779,786.72,7
1633719947,787.5,1
1633719963,787.55,1
1633720004,787.72,1
1633720007,787.72,5
1633720014,787.8,3
1633720058,788.57,10
1633720067,788.55,1
1633720070,788.54,4
1633720103,789.02,1
1633720131,788.97,1
1633720145,789.07,2
1633720155,788.8,2
1633720174,789.05,2
1633720180,789.12,1
1633720192,789.11,1
1633720211,789.09,1
1633720246,788.5,2
1633720259,788.32,2
1633720260,788.32,1
1633720305,788.84,1
1633720428,789,1
1633720437,789,2
1633720488,788.75,5
1633720490,788.75,1
1633720500,788.85,1
1633720533,788.91,2
1633720576,788.7,1
1633720583,788.5,1
1633720607,788.44,2
1633720626,788.23,2
1633720629,788.26,1
1633720722,788.3,9
1633720784,788.66,4
1633720817,788.64,2
1633720832,788.62,2
1633720835,788.62,1
1633720861,788.62,1
1633720865,788.73,15
1633720869,788.5,13
1633720891,789.04,2
1633720905,789,2
1633720911,789.2,10
1633720925,789.45,10
1633720944,789.66,2
1633720962,789.98,1
1633720988,790.64,10
1633720993,790.5,1
1633720994,790.5,5
1633721009,790.52,2
1633721094,790.64,1
1633721102,790.75,2
1633721112,790.62,3
1633721149,790.23,5
1633721174,790.58,3
1633721196,790.72,1
1633721228,790.8,2
1633721231,790.8,2
1633721233,790.76,1
1633721238,790.85,1
1633721264,790.8,1
1633721280,790.82,1
1633721289,790.32,17
1633721362,790.9,3
1633721421,791.18,2
1633721440,791.21,3
1633721450,791.5,2
1633721458,791.55,3
1633721498,792.11,10
1633721507,792.09,4
1633721526,792.31,1
1633721541,792.28,1
1633721560,792.44,1
1633721562,792.39,1
1633721579,792.28,1
1633721620,792.73,3
1633721623,792.79,3
1633721623,792.79,16
1633721643,792.52,2
1633721682,793.15,2
1633721689,793.24,2
1633721713,793.42,1
1633721727,793.01,2
1633721731,792.73,3
1633721749,792.75,5
1633721761,792.35,1
1633721765,792.37,1
1633721774,792.07,1
1633721780,792.23,2
1633721826,790.53,3
1633721837,790.38,1
1633721889,789.68,1
1633721892,789.8,2
1633721902,790.13,3
1633721925,790.07,1
1633722012,790.08,2
1633722014,789.9,2
1633722020,789.98,10
1633722043,790.1,1
1633722044,790.03,1
1633722053,789.98,1
1633722097,790.64,1
1633722136,789.16,3
1633722151,788.65,2
1633722200,788.19,10
1633722201,788.19,2
1633722243,787.83,1
1633722347,787.95,5
1633722363,787.68,1
1633722387,787.89,1
1633722453,787.73,3
1633722460,787.77,1
1633722478,787.77,1
1633722496,787.51,4
1633722542,787.07,1
1633722549,787.07,1
1633722555,786.81,1
1633722580,786.69,6
1633722621,785.65,1
1633722634,785.75,30
1633722635,785.88,1
1633722662,785.49,2
1633722665,785.49,10
1633722665,785.49,1
1633722671,785.6,7
1633722672,785.6,1
1633722680,785.33,2
1633722693,785.05,9
1633722694,785.05,2
1633722696,785.05,1
1633722718,784.64,1
1633722752,785.31,10
1633722754,785.35,30
1633722759,785.06,1
1633722775,785.16,1
1633722840,785.34,9
1633722866,785.16,3
1633722943,785.09,1
1633722975,785,1
1633723001,785.25,2
1633723015,785.13,3
1633723036,785.2,2
1633723041,785.2,1
1633723050,785.25,2
1633723058,785.4,1
1633723066,785.59,1
1633723070,785.39,4
1633723072,785.4,1
1633723082,785.37,2
1633723094,785.43,2
1633723099,785.33,4
1633723101,785.36,1
1633723119,785.59,1
1633723138,785.54,2
1633723150,785.53,2
1633723151,785.53,1
1633723152,785.7,1
1633723172,785.3,1
1633723175,785.3,1
1633723201,785.49,10
1633723202,785.49,11
1633723203,785.49,8
1633723203,785.49,7
1633723210,785.49,2
1633723211,785.49,6
1633723211,785.49,1
1633723250,785,1
1633723337,785.49,15
1633723341,785.2,1
1633723367,785.49,12
1633723403,785.1,4
1633723404,785.1,1
1633723599,785.22,3
1633723599,785.22,2
1633723600,785.22,1
1633723609,785.25,1
1633723678,785.3,1
1633723918,785.25,1
1633724088,784.75,3
1633724112,784.75,1
1633724112,784.75,2
1633724113,784.75,1
1633724422,784.75,1
1633724483,784.82,5
1633724483,784.82,2
1633725096,784.9,2
1633725110,784.9,1
1633726204,785,5
1633726788,785.3,4
